2950 4992
769 565 989 648 Leges
1037 568 1394 632 cambiales
1448 567 1737 630 civitatis
1782 564 2417 645 Antverpiensis
2462 567 2613 630 anni
2648 560 2853 645 1578,
2942 605 2944 618 ·

561 649 920 730 dequibus
977 652 1119 733 jam
1165 672 1364 734 supra
1430 652 1675 716 dictum
1744 658 1847 715 est
1892 655 1962 714 et
2002 649 2173 712 infra
2216 652 2585 715 accuratius
2632 652 2857 714 disse·
2942 669 2944 696 ²

557 735 828 798 rendum
875 741 995 816 est,
1046 758 1188 800 cum
1232 736 1825 818 Hamburgensium
1880 735 2415 800 constitutionum
2470 737 2621 798 anni
2676 738 2855 798 1603
2942 806 2944 820 Ι

563 817 790 902 (1605)
835 821 1265 904 principalem
1311 821 1561 886 fontem
1604 817 2183 903 praestiterint.⁴⁹)

765 905 1064 988 Denique
1079 907 1184 970 hic
1199 928 1330 971 non
1354 913 1507 972 sunt
1526 907 1925 970 omittendae
1950 906 2011 967 A
2026 926 2087 966 m
2103 925 2133 966 s
2148 912 2177 967 t
2188 904 2307 968 elo
2320 904 2363 966 d
2376 925 2415 968 a
2426 905 2523 968 mi
2552 905 2751 968 urbis
2764 906 2857 968 de

561 990 830 1052 cambiis
900 992 1213 1072 egregiae
1279 993 1677 1071 sanctiones,
1748 1011 2133 1072 quamquam
2184 990 2522 1054 maximam
2578 997 2855 1071 partem
2942 1001 2944 1014 '

557 1074 624 1136 in
679 1079 980 1156 tempora
1036 1087 1194 1157 post
1244 1077 1813 1158 Hamburgensem
1868 1075 1949 1140 de
2007 1075 2277 1138 cambiis
2322 1076 2593 1156 primam
2634 1073 2855 1156 legis-
2942 1109 2944 1112 ⁴

557 1158 871 1221 lationem
935 1160 1249 1224 incidunt.
1354 1159 1638 1236 Quarum
1702 1161 1904 1241 longa
1970 1161 2179 1222 series
2221 1160 2457 1241 incipit
2518 1161 2601 1222 ab
2668 1180 2855 1222 anno
2942 1167 2944 1232 ξ

566 1244 726 1306 1601
797 1250 866 1307 et
931 1265 1137 1327 usque
1205 1247 1290 1310 ad
1357 1247 1560 1309 saecli
1606 1244 1858 1307 XVIII.
1904 1244 2097 1307 finem
2145 1245 2429 1308 deducta
2474 1250 2577 1307 est
2617 1242 2855 1326 (1645,

567 1329 751 1408 1651,
805 1331 987 1411 1660,
1042 1334 1224 1410 1662,
1277 1333 1457 1411 1663,
1509 1331 1693 1409 1664,
1745 1323 1926 1409 1670,
1980 1323 2163 1409 1674,
2202 1323 2383 1409 1678,
2432 1323 2853 1408 1679,1683,

571 1406 752 1491 1719,
805 1407 988 1492 1744,
1041 1410 1252 1496 1764).
1276 1413 1358 1497 ⁵⁰)
2942 1437 2944 1442 ·

777 1497 1058 1562 Ceterae
1136 1521 1361 1564 omnes
1442 1501 1523 1563 de
1589 1499 1859 1562 cambiis
1922 1499 2129 1578 lege3‚
2200 1497 2713 1562 constitutiones
2784 1507 2853 1562 et

569 1581 1017 1648 ordinationes
1083 1592 1240 1667 post
1295 1606 1528 1650 annum
1582 1585 1744 1646 1603
1812 1589 1881 1646 et
1953 1584 2115 1645 1605
2170 1582 2623 1664 promulgatae
2697 1591 2855 1646 sunt

563 1686 828 1814 {icque¹³
855 1667 1466 1752 Hamburgensibus
1532 1668 2023 1750 legislatoribus
2090 1667 2430 1730 commodo
2504 1687 2655 1732 esse
2736 1689 2849 1749 po·
2942 1697 2944 1700 ⁴

592 1771 796 1815 uerun
830 1801 844 1814 .

567 1989 656 2070 ς.
701 1989 794 2058 4.
853 1987 1391 2061 Genea-alla
1433 1991 1926 2074 quaedam
1958 1989 2083 2058 «le
2105 1987 2497 2058 statutis
2530 1988 2853 2060 llam-

672 2099 1330 2184 !mrgensssms
1374 2117 1634 2185 quoe
1680 2100 1969 2171 annis
2013 2100 2288 2170 181)ss
2335 2104 2433 2169 et
2473 2101 2757 2169 16115

1423 2209 1691 2282 facta
1734 2216 1991 2282 sunt.

782 2383 1378 2464 Hamburgensium
1426 2382 1582 2463 jura
1642 2383 1890 2464 scripta
1948 2382 2310 2444 vetustiora
2356 2389 2522 2461 sunt,
2574 2402 2851 2462 quorum

555 2466 695 2548 jam
744 2469 969 2530 saeclo
1017 2467 1169 2528 XII.
1216 2466 1501 2548 vestigia
1546 2467 1748 2530 fuisse
1796 2467 2118 2530 videntur.
2184 2467 2489 2529 Attamen
2540 2488 2713 2547 quae
2746 2469 2855 2530 ad·
2940 2497 2942 2500 ⁴

570 2551 694 2613 huc
741 2558 1004 2614 exstant
1063 2552 1508 2632 manuscripta
1566 2571 1695 2614 non
1745 2571 1944 2634 supra
1990 2551 2273 2613 saeclum
2316 2549 2505 2613 XIll.
2546 2552 2855 2629 redeunt,

569 2637 1093 2718 quandoquidem
1161 2636 1677 2716 antiquissimum
1738 2637 1913 2717 quod
1974 2637 2299 2698 invenitur
2342 2637 2857 2718 manuscriptum

556 2722 800 2803 jurium
845 2722 1218 2786 collationis
1263 2741 1430 2802 quae
1491 2721 1730 2784 dicitur
1776 2721 2213 2799 Ordelshock,
2272 2739 2441 2782 anno
2493 2715 2658 2785 1270
2710 2742 2855 2803 per-

569 2807 809 2870 feetum
877 2814 1000 2870 est.
1120 2807 1324 2890 Cujus
1393 2806 1903 2868 constitutiones
1976 2805 2213 2886 partim
2274 2804 2410 2886 juri
2476 2805 2859 2869 Lubecensi

565 2892 803 2973 partim
835 2892 972 2973 juri
1019 2891 1268 2972 speculi
1315 2891 1610 2953 saxonici
1660 2896 2031 2971 congruunt
2086 2895 2152 2951 et
2197 2909 2368 2952 nova
2410 2891 2642 2973 paucis
2702 2892 2857 2954 arti-

567 2977 730 3039 culis
753 2977 1008 3040 inclusa
1033 2976 1406 3038 emendatio
1428 2995 1601 3038 anno
1640 2975 1807 3038 1292
1832 2975 2135 3037 instituta
2167 2993 2315 3037 esse
2348 2975 2623 3040 videtur.
2684 2975 2858 3039 Tum

567 3082 722 3124 vero
770 3062 1040 3124 duorum
1088 3061 1456 3124 saeclorum
1502 3061 1757 3122 demum
1804 3059 2021 3140 spatio
2080 3059 2311 3140 elapso
2368 3079 2539 3122 nova
2588 3067 2664 3122 et.
2712 3063 2855 3142 qui-

567 3147 713 3208 dem
758 3145 1130 3207 essentialis
1165 3145 1339 3226 juris
1368 3144 1893 3225 Hamburgensis
1921 3143 2166 3206 revisio
2198 3151 2475 3224 peracta
2522 3151 2646 3224 est,
2684 3167 2859 3226 quae
2938 3167 2940 3198 =

571 3232 635 3292 in
693 3230 924 3292 codice
979 3230 1206 3291 urbico
1268 3227 1787 3310 (Stadtbuch)
1831 3228 1983 3291 anni
2032 3221 2193 3292 1497
2238 3229 2584 3308 invenitur,
2637 3250 2862 3310 quam-

571 3335 761 3396 quam
827 3314 1082 3377 interim
1153 3314 1431 3376 diversis
1501 3313 1737 3394 singuli
1796 3313 2203 3394 temporibus
2256 3333 2639 3376 recessus
2686 3316 2761 3377 h.
2815 3336 2861 3376 s,

571 3399 916 3484 pactiones
964 3400 1045 3461 de
1079 3398 1234 3479 jure
1279 3398 1546 3480 publico
1590 3403 1658 3460 et
1699 3398 1960 3479 privato
2008 3403 2311 3460 senatum
2357 3398 2529 3462 inter
2574 3407 2647 3461 et
2678 3401 2865 3463 cives

573 3485 954 3562 conclusae,
1035 3503 1247 3564 neque
1326 3483 1537 3544 minus
1622 3483 2002 3544 sanctiones
2076 3501 2241 3562 qnae
2310 3482 2613 3545 dicuntur
2677 3485 2865 3547 Bur-

778 3774 847 3841 ⁴⁹)
922 3779 1056 3827 Vide
1099 3781 1208 3843 jam
1246 3786 1424 3827 notam
1469 3779 1550 3830 15.
1627 3778 1693 3830 cf.
1759 3776 2027 3835 merbach,
2089 3793 2269 3841 eui-op.
2332 3777 2861 3843 Wechselhandlung

570 3849 652 3910 (3.
693 3852 815 3903 edit.
853 3850 1130 3913 Niirnberg
1172 3850 1332 3903 1757)
1369 3866 1419 3913 p.
1460 3849 1582 3901 267.
1642 3846 1815 3912 Siegel
1852 3848 1888 3902 1,
1928 3864 1971 3902 c.
2009 3849 2051 3897 1.
2090 3849 2214 3902 408.
2270 3848 2420 3896 Bohn
2461 3850 2495 3902 1.
2534 3865 2577 3897 c.
2618 3849 2689 3903 11.
2748 3853 2861 3905 198.

567 3919 830 3974 'himmerl
867 3923 908 3971 1.
955 3923 1069 3974 129.
1118 3947 1190 3957 —-
1265 3920 1468 3970 Gallica
1522 3919 1793 3968 translatio
1849 3921 1987 3981 apud
2019 3919 2261 3970 Boucher
2308 3919 2534 3984 (papien-s
2570 3919 2639 3969 de
2678 3924 2860 3971 credit.

580 3997 650 4048 ΙΙ.
689 3993 816 4057 323)
857 4001 907 4043 et
945 3993 1138 4042 Ricard
1178 3992 1306 4055 (loix
1347 3992 1412 4046 ιΙιι
1457 3990 1673 4050 change.
1714 4005 1763 4052 p,
1809 3989 1971 4056 ism).

777 4062 846 4128 ⁵⁰)
921 4063 1160 4112 Hei-bach
1199 4065 1234 4115 1.
1273 4078 1320 4114 c.
1367 4078 1416 4124 p.
1457 4063 1579 4121 261.
1656 4061 1828 4124 siege}
1866 4061 1909 4110 Ι.
1947 4079 1998 4127 p.
2034 4062 2159 4114 481.
2239 4060 2343 4112 Ubi
2392 4059 2633 4125 (Siegelii
2678 4077 2859 4127 corpo-

560 4139 629 4185 ris
669 4138 801 4199 juris
849 4135 1114 4184 cambialis
1159 4133 1516 4192 continuatio)
1579 4133 1648 4188 11.
1703 4133 1788 4184 62.
1839 4133 1932 4183 111.
1985 4133 2097 4186 117.
2172 4132 2321 4182 Bohn
2377 4131 2411 4185 l.
2460 4148 2505 4185 c.
2556 4133 2630 4183 ΙΙ.
2682 4148 2741 4196 p,
2784 4135 2857 4188 50.

564 4208 810 4256 Zimmerl
849 4207 889 4258 1.
929 4223 977 4269 p,
1019 4208 1104 4258 26.
1175 4204 1581 4254 celeberrimum
1621 4204 1685 4253 de
1715 4203 1834 4266 jure
1871 4203 2159 4254 Amstelod.
2198 4217 2329 4266 opus
2366 4208 2469 4251 est:
2506 4203 2859 4256 somphoost

561 4293 672 4337 sen,
727 4277 1000 4325 Wisselstil
1041 4283 1118 4324 tot
1155 4275 1487 4325 Amsterdam
1526 4281 1622 4327 eto.
1663 4274 1751 4326 ed.
1794 4275 1837 4326 Ι.
1876 4274 2111 4328 Rotterd.
2156 4275 2310 4328 1677.
2350 4271 2432 4326 ed.
2481 4275 2594 4323 vn.
2637 4275 2855 4325 Amstel.
2934 4295 2936 4324 ι

565 4349 698 4402 1737
750 4354 802 4395 et
849 4348 900 4394 in
957 4349 1306 4410 germanicam
1371 4347 1603 4408 lingnam
1669 4345 1949 4400 secundam
2006 4347 2158 4394 istam
2209 4345 2326 4395 vn.
2384 4343 2671 4394 editionem
2728 4347 2851 4411 apud

560 4418 862 4478 siegelium,
901 4431 1042 4478 corp.
1077 4419 1180 4478 jur.
1222 4416 1386 4464 camb.
1425 4417 1495 4463 11.
1536 4417 1640 4467 2:23
1679 4429 1791 4477 squ.
1831 4423 1911 4470 cst
1947 4418 2273 4476 translatum.
