2950 4992
759 1404 844 1484 ς.
891 1407 972 1472 1.
1063 1401 1699 1471 Introductio-

318 1555 460 1631 Quo
506 1562 832 1641 tempore,
883 1559 1296 1623 ordinatione
1343 1558 1643 1622 cambiali
1689 1559 1750 1621 d.
1784 1559 1846 1622 d.
1896 1559 1995 1622 26.
2026 1556 2192 1623 Nov.
2226 1579 2373 1622 ann.

115 1641 270 1703 1848
317 1642 550 1706 eximia
593 1645 756 1706 artis
787 1643 1239 1726 legislatoriae
1279 1644 1503 1725 specie
1533 1643 1971 1726 promulgata,
2015 1648 2223 1707 totam
2252 1663 2374 1726 per

112 1725 544 1806 Germaniam,
603 1729 934 1805 Austriam
992 1735 1189 1810 atque
1243 1728 1625 1790 Borussiam
1679 1727 2034 1791 uniformes
2095 1734 2164 1792 et
2208 1747 2375 1791 com-

107 1811 490 1873 merciorum
544 1813 688 1874 usui
743 1813 1124 1894 aptissimae
1189 1813 1364 1894 juris
1423 1812 1759 1875 cambialis
1816 1813 2122 1876 notiones
2178 1811 2247 1874 in
2288 1813 2377 1875 vi-

106 1913 268 1976 gore
313 1901 465 1958 sunt
531 1901 598 1958 et
650 1899 873 1978 praxis
930 1904 1000 1962 et
1042 1897 1301 1961 theoria
1347 1901 1415 1960 et
1456 1896 1789 1979 legislatio
1850 1897 1932 1961 de
1979 1897 2247 1961 cambiis
2292 1893 2379 1960 ad

105 1977 436 2061 fastigium
479 1982 806 2060 quoddam
851 1987 1167 2064 pervecta
1211 1987 1333 2062 est,
1369 1982 1513 2063 jam
1556 1982 1699 2044 usui
1745 1983 2151 2046 commodum
2180 1986 2377 2063 atque

105 2069 615 2127 consentaneum
659 2085 916 2130 necnon
958 2068 1324 2130 litterarum
1369 2066 1589 2129 studio
1632 2066 1966 2148 indiguum
2012 2087 2161 2130 esse
2203 2067 2379 2129 vide-

103 2157 228 2228 tur,
273 2149 358 2212 ad
401 2153 701 2232 tempora
741 2153 1106 2233 praeterita
1145 2151 1502 2232 respicere,
1550 2151 1759 2232 prima
1805 2151 2139 2214 cambialis
2184 2151 2379 2232 legis-

103 2233 367 2296 lationis
409 2235 695 2316 vestigia
737 2255 859 2317 per
899 2235 1312 2300 Germaniam
1356 2236 1667 2318 persequi
1714 2241 1783 2297 et
1824 2236 2205 2316 praeteritis
2239 2255 2383 2299 cum

103 2318 564 2399 praesentibus
635 2324 962 2402 tamquam
1025 2321 1305 2384 naturali
1371 2319 1590 2383 vinclo
1660 2319 2029 2402 conjunctis
2076 2322 2381 2399 edocere,

104 2402 332 2548 tquanti
373 2405 684 2467 momenti
729 2406 862 2470 sint
913 2406 1042 2470 ista
1084 2405 1384 2487 vestigia,
1435 2405 1661 2486 quanti
1715 2407 2023 2468 momenti
2077 2407 2164 2469 sit
2205 2403 2385 2468 istud

133 2487 461 2569 astigium.

320 2569 569 2646 Quibus
615 2574 1023 2652 potissimum
1069 2575 1320 2636 caussis
1371 2577 1731 2652 commotus
1774 2593 1929 2652 sum,
1976 2576 2049 2634 ut
2080 2570 2162 2634 de
2192 2569 2385 2633 Ham-

105 2655 428 2736 burgensi
461 2655 616 2736 jure
665 2656 982 2736 cambiali,
1032 2659 1208 2737 quod
1297 2676 1466 2720 anno
1521 2659 1683 2719 1603
1736 2655 1845 2720 vel
1887 2661 1961 2719 ut
2004 2655 2248 2718 rectius
2295 2653 2384 2716 di-

101 2759 252 2802 cam
297 2757 469 2802 anno
520 2739 682 2801 1605
748 2739 815 2801 in
882 2742 1145 2802 statutis
1203 2741 1394 2824 hujus
1453 2741 1737 2804 civitatis
1782 2741 2113 2822 proditum
2173 2742 2277 2802 est
2321 2743 2390 2801 et

101 2823 285 2905 quod
352 2820 660 2905 profecto
722 2823 1161 2905 legislationis
1220 2824 1648 2889 Germanicae
1720 2825 1801 2888 de
1871 2824 2139 2888 cambiis
2205 2822 2393 2886 initia

105 2908 426 2988 continet,
473 2907 724 2970 huncce
768 2908 1060 2971 libellum
1107 2909 1633 2992 conscripserim.

318 2989 560 3055 Notum
606 2997 725 3072 est,
776 2994 1028 3057 cambia
1047 2993 1360 3058 Romanis
1404 2995 1636 3076 ignota
1680 2993 1883 3057 fuisse
1930 2998 1999 3057 et
2041 2991 2238 3055 medii
2285 2990 2392 3054 de-

103 3095 280 3138 mum
343 3077 490 3141 aevi
551 3082 848 3159 tempore
915 3097 1126 3160 neque
1196 3099 1278 3142 ex
1343 3085 1487 3142 arte
1544 3084 1612 3142 et
1656 3078 1951 3158 consili0,
2021 3076 2142 3141 sed
2182 3075 2392 3158 magis

100 3180 356 3224 rerum›
393 3162 794 3224 necessitate
858 3168 1056 3244 atque
1124 3164 1400 3245 penuria
1467 3183 1615 3227 esse
1682 3165 1966 3230 inventa.
2054 3161 2145 3225 Et
2209 3166 2394 3225 recte

103 3245 378 3326 quidem
439 3245 581 3326 jam
623 3245 986 3329 Raphael
1050 3247 1132 3310 de
1179 3247 1444 3328 Turri,
1519 3247 1904 3326 Genuensis,
1971 3246 2252 3329 inclytus
2311 3244 2393 3308 de

105 3330 384 3394 cambiis
431 3335 638 3409 autor,
667 3329 712 3412 ¹)
761 3351 904 3394 cum
972 3331 1141 3394 enim
1187 3333 1738 3414 commerciorum,
1796 3332 2024 3413 inquit,
2072 3329 2397 3394 bellorum

101 3434 186 3476 ac
254 3414 860 3496 peregrinationum
924 3416 1296 3498 frequentia
1378 3417 1640 3500 saepius
1710 3417 2035 3498 exigeret,
2112 3419 2185 3477 ut
2254 3413 2397 3498 quis

101 3499 496 3561 necessario
556 3504 788 3580 egeret
838 3502 1119 3582 pe‘cunia
1171 3501 1237 3563 in
1295 3501 1446 3564 loco
1509 3502 1743 3564 dissito
1789 3501 1871 3564 ab
1917 3499 2054 3579 illo,
2100 3499 2213 3561 ubi
2258 3517 2400 3562 eam

101 3583 424 3661 habebat,
474 3583 657 3664 cujus
711 3585 1188 3666 transportatio
1235 3590 1513 3668 propter
1557 3586 1963 3648 inimicorum
1990 3583 2397 3646 latronumve

100 3666 667 3730 intercedentium
710 3670 1141 3750 rapacitatem
1188 3675 1334 3733 erat
1377 3675 1689 3751 suspecta
1732 3669 1840 3733 vel
1883 3674 2161 3751 propter
2202 3668 2399 3730 maris

99 3751 624 3816 inconstantiam
686 3751 888 3817 infida
952 3753 1060 3816 vel
1123 3774 1246 3836 per
1295 3754 1513 3836 legem
1568 3755 1791 3833 vetita,
1840 3755 1989 3816 hinc
2035 3752 2120 3815 ad
2162 3752 2403 3814 bonum

99 3836 501 3918 praedictae
543 3837 1124 3920 transportationis
1158 3839 1686 3919 consequendum
1717 3839 2070 3902 adinventa
2100 3842 2205 3900 est
2234 3855 2401 3900 com-

99 3921 390 3983 mutatio
455 3923 773 4002 pecuniae
845 3922 1139 3986 absentis
1195 3943 1338 3986 cum
1380 3924 1737 4004 praesenti.
1826 3924 2137 3987 Attamen
2192 3920 2293 3984 his
2338 3920 2407 3983 in

101 4005 342 4067 verbis
387 4003 662 4070 illustris
712 4006 1081 4070 Genuensis
1129 4007 1322 4070 aliam
1363 4026 1579 4089 neque
1610 4009 1910 4071 viliorem
1942 4024 2207 4068 causam
2239 4024 2403 4068 cam-

99 4088 379 4152 biorum
425 4090 915 4155 condendorum
957 4091 1335 4174 neglexisse
1358 4092 1636 4172 videtur,
1687 4111 1876 4174 quam
1908 4089 2039 4156 alio
2077 4088 2230 4153 loco
2262 4089 2409 4172 ipse

337 4329 378 4398 ¹)
450 4333 729 4384 Tractatum
784 4333 850 4383 de
906 4333 1146 4396 cambiis,
1203 4333 1334 4397 disp.
1381 4333 1426 4384 1.
1473 4349 1559 4400 qu.
1608 4335 1660 4390 3.
1697 4349 1749 4384 11.
1788 4335 1843 4389 2.
1934 4333 2109 4386 Editio
2163 4333 2406 4398 princepn

101 4405 278 4470 hujm
317 4404 492 4469 operia
529 4418 668 4454 anno
712 4405 844 4457 1641
887 4402 1101 4454 Gonane
1138 4405 1396 4469 apparunt.
1944 4435 1949 4438 -

1920 4522 1952 4582 1
