2950 4992
525 603 716 662 ‘certo
766 597 1043 662 consilio
1091 603 1160 661 et
1203 598 1352 677 fine,
1413 599 1533 661 sed
1578 599 1663 660 ad
1708 599 2030 661 incertum
2084 596 2258 661 illins
2302 599 2619 680 temporis
2662 607 2811 662 s'en-

528 703 668 746 sum
733 689 932 765 atque
1045 689 1262 746 ustum
1326 683 1681 764 insipidum
1745 687 1815 746 et
1876 701 2011 746 non
2062 700 2215 745 raro
2260 683 2611 745 absurdum
2656 703 2811 746 con-

521 768 740 831 fectae
787 772 954 847 sunt,
1031 768 1365 831 ectoribus
1409 768 1735 849 praebuit,
1782 767 1851 828 in
1894 786 2079 829 usum
2124 766 2442 830 adhibere
2489 768 2694 850 potui.
2716 763 2809 850 ⁸⁰)

522 851 754 933 Neque
799 853 1007 915 minus
1056 851 1346 932 quintam
1393 872 1665 933 eamque
1708 851 2129 914 novissimam
2172 852 2327 915 anni
2360 853 2525 914 1842
2572 851 2810 915 editio-

521 956 688 1016 nem,
738 956 864 1017 qua
909 935 1127 1017 quoad
1172 936 1506 1000 scribendi
1550 936 1940 1017 dicendique
2000 935 2274 998 formam
2318 935 2813 1018 Koenigianam

522 1023 733 1100 istam,
783 1041 925 1084 cum
971 1020 1230 1101 quidem
1270 1022 1339 1083 in
1378 1041 1565 1084 usum
1595 1020 1725 1084 fori
1763 1020 2074 1102 vulgique
2106 1019 2461 1100 transierit,
2512 1021 2811 1084 editores

523 1105 837 1168 insulsam
898 1105 1135 1168 imitati
1200 1110 1368 1184 sunt,
1437 1106 1625 1187 sequi
1668 1106 1858 1168 nobis
1925 1124 2061 1167 non
2102 1103 2307 1182 licuit,
2360 1105 2469 1185 qui
2509 1110 2811 1172 nostram

527 1189 863 1254 cambialis
920 1189 1094 1253 tituli
1147 1190 1503 1254 editionem
1544 1209 1677 1252 non
1730 1190 1815 1254 ad
1858 1209 2043 1252 usum
2098 1187 2281 1270 vulgi
2325 1188 2582 1271 forique
2625 1190 2811 1254 insti-

525 1281 798 1354 tuamuS,
848 1274 968 1338 sed
1009 1275 1078 1336 in
1128 1294 1207 1338 ea
1249 1275 1654 1338 historiae
1701 1274 2160 1337 documentum
2202 1272 2444 1336 litteris
2491 1274 2809 1338 mandare

524 1358 813 1438 velimus,
881 1364 954 1420 ut
1017 1364 1348 1423 nostrates
1419 1379 1502 1422 ex
1546 1358 1975 1440 originalibus
2034 1357 2197 1438 ipsis
2244 1358 2466 1420 verbis
2512 1359 2808 1422 intimam

529 1448 597 1506 et
625 1463 846 1506 veram
874 1443 1123 1524 primae
1156 1443 1236 1506 de
1269 1444 1539 1506 cambiis
1569 1444 1637 1505 in
1669 1442 2019 1506 Germania
2058 1441 2499 1523 legislationis
2565 1443 2807 1511 faciem

530 1532 598 1591 et
640 1528 918 1590 animum
959 1528 1350 1610 percipiant.
1367 1524 1453 1609 ⁸¹)
2418 1547 2425 1553 ·

743 1611 1024 1686 Textum
1067 1632 1226 1676 vero
1270 1611 1732 1675 Hollandicum
1780 1610 2211 1673 ordinationis
2276 1611 2805 1694 Antverpiensis‚

530 1693 738 1778 qualis
783 1716 929 1760 mea
955 1697 1218 1776 quidem
1237 1697 1502 1778 linguae
1530 1695 1968 1760 Hollandicae
2000 1695 2241 1776 peritia
2271 1695 2467 1776 valet,
2514 1717 2554 1760 a
2584 1695 2808 1760 multis

533 1780 786 1844 mendis
830 1786 1179 1863 purgatum
1225 1781 1306 1844 de
1355 1781 1585 1862 Sigelii
1634 1799 1914 1862 corpore
1948 1779 2123 1861 juris
2156 1780 2489 1844 cambialis
2538 1781 2718 1864 (tom.
2752 1782 2807 1847 Ι.

527 1886 681 1947 pag.
729 1867 854 1928 406
901 1864 1073 1947 squ.)
1123 1865 1472 1948 depromsi.

739 2501 817 2574 ⁸⁰)
901 2503 973 2560 Si
1017 2502 1244 2561 Christ.
1270 2503 1563 2561 Gottlieb.
1590 2502 1833 2560 Riccius
1861 2500 2171 2572 (Entwurf
2192 2524 2311 2562 von
2334 2504 2807 2592 Stadtgesetzen

529 2578 650 2632 und
692 2575 975 2635 Statutis.
1057 2577 1385 2636 Frankfurt
1425 2580 1545 2635 und
1585 2578 1842 2653 Leipzig
1893 2577 2060 2650 1740)
2102 2600 2157 2654 p.
2187 2584 2290 2636 137
2334 2581 2407 2636 de
2450 2583 2569 2638 aha
2590 2592 2809 2654 quarta

532 2651 796 2710 editione
839 2653 926 2724 (in
972 2654 1174 2723 Folio)
1218 2655 1426 2726 refert,
1484 2673 1657 2730 quam
1720 2655 1841 2711 isto
1896 2665 2165 2729 tempore
2207 2654 2413 2725 (1740)
2458 2656 2805 2728 nuperrime

533 2729 984 2797 („neuerlicher
1029 2727 1245 2802 Zeit“)
1311 2729 1660 2804 apparuisse
1720 2729 1883 2799 dicit,
1952 2730 2065 2788 hoc
2124 2732 2391 2788 fortasse
2444 2729 2637 2786 Riccii
2694 2751 2805 2804 pro

533 2821 740 2861 errore
783 2805 1115 2862 habendum
1159 2815 1274 2876 est,
1319 2805 1599 2881 quoniam
1641 2825 1676 2862 a
1715 2805 1952 2861 nemine
1982 2807 2250 2878 ejusdem
2276 2805 2517 2880 generis
2544 2815 2605 2861 et
2647 2815 2804 2861 tcm-

529 2879 693 2951 poris
736 2880 920 2938 editio
979 2889 1497 2950 commemoratur,
1566 2899 1760 2955 neque
1801 2881 1875 2936 de
1920 2879 2155 2954 Richey
2208 2881 2311 2956 qui
2354 2883 2391 2937 1.
2434 2899 2484 2936 c.
2527 2900 2653 2953 cap.
2698 2880 2804 2937 ΙΙΙ.

533 2953 879 3025 specialiter
919 2957 991 3012 de
1034 2956 1396 3013 editionibus
1441 2964 1801 3012 statutorum
1843 2955 2109 3029 disputat
2151 2956 2645 3031 singularumque
2672 2955 2804 3012 sin-

533 3030 705 3102 gulas
769 3032 1017 3088 mendas
1083 3050 1290 3088 omnes
1357 3040 1689 3101 enumerat,
1756 3049 1949 3106 neque
2000 3032 2071 3088 ab
2133 3031 2466 3088 editoribus
2518 3031 2805 3088 editionis

537 3107 702 3174 1842,
745 3105 848 3180 qui
888 3106 1124 3181 quidem
1165 3125 1297 3180 pag.
1339 3102 1476 3161 XX
1521 3124 1646 3180 seq.
1690 3107 1762 3161 de
1806 3115 2170 3165 statutorum
2206 3106 2394 3164 variis
2438 3106 2805 3165 editionibus

543 3179 808 3236 breviter
849 3184 1208 3236 retulerunt.

742 3253 818 3324 ⁸¹)
898 3255 1023 3312 Iste
1090 3257 1162 3311 de
1228 3255 1475 3312 cambiis
1538 3255 1749 3312 titulus
1826 3265 2183 3314 statutorum
2256 3253 2809 3332 Hamburgensium

533 3329 715 3386 etiam
752 3329 816 3385 in
859 3331 995 3387 aliis
1040 3330 1208 3386 libris
1252 3332 1418 3403 prelo
1461 3349 1755 3386 excussus
1798 3341 1913 3387 est.
1996 3331 2303 3388 invenitur
2344 3332 2494 3405 apud
2522 3330 2809 3404 Vogtium

531 3403 702 3473 (edit.
755 3403 1043 3476 Fritsch.)
1095 3426 1150 3479 p.
1201 3408 1304 3462 231
1365 3425 1496 3481 squ.
1552 3407 1843 3462 mantissa
1897 3405 2026 3477 ΙΙ[.,
2084 3408 2190 3463 sed
2238 3408 2361 3464 ista
2402 3406 2583 3463 editio
2624 3408 2808 3462 vaide

532 3479 823 3537 mendosa
863 3489 1041 3556 atque
1084 3481 1288 3554 spuria
1329 3490 1390 3538 et
1429 3480 1592 3538 notis
1634 3481 2085 3554 mariginalibus
2127 3481 2465 3554 interjectis
2494 3500 2809 3554 perversa,

531 3554 796 3612 fortasse
839 3557 911 3612 ad
953 3558 1259 3630 exemplar
1299 3555 1583 3613 editionis
1626 3557 1939 3614 damnatae
1982 3557 2054 3613 ab
2097 3576 2253 3614 anno
2306 3560 2443 3613 1663
2484 3557 2645 3613 sacta
2685 3567 2808 3613 est.

531 3629 726 3686 Aliam
767 3631 1174 3689 redactionem
1214 3630 1532 3689 constituit
1572 3631 1809 3688 Buesch
1861 3631 1923 3687 in
1964 3632 2139 3701 libro,
2184 3651 2357 3708 quem
2392 3635 2519 3705 jam
2560 3631 2809 3703 saepius

533 3704 715 3760 citavi
755 3703 1591 3780 (Theoretisch-praktische
1636 3705 2032 3780 Darstellung
2095 3709 2201 3764 der
2245 3705 2574 3782 Handlung
2614 3711 2665 3762 3.
2710 3709 2809 3764 ed.

532 3780 604 3835 ab
621 3779 965 3839 Normanno
987 3783 1258 3856 perfecta
1281 3781 1346 3837 in
1378 3781 1705 3854 appendice
1720 3783 1793 3838 ad
1812 3791 1951 3840 tom.
1980 3783 2281 3854 primum),
2306 3802 2455 3857 quae
2480 3783 2715 3857 quidem
2732 3785 2811 3839 ad

529 3853 969 3931 Koenigianam
1013 3857 1338 3914 editionem
1377 3856 1539 3912 sacta
1590 3866 1651 3912 et
1700 3857 2057 3914 voluntariis
2110 3857 2315 3913 multis
2365 3857 2809 3914 variationibus

534 3930 813 3988 laborans
864 3932 1224 3989 nominanda
1277 3941 1390 3988 est.
1471 3931 1641 3988 Alias
1692 3951 1887 4007 neque
1949 3931 2190 3988 criticas
2248 3933 2545 3990 editiones
2598 3933 2810 3990 fecere

532 4004 731 4062 Koeni
777 4004 853 4062 ke
891 4007 1243 4081 (Leipziger
1269 4007 1847 4082 Wechselordnung.
1887 4007 2037 4081 Lips
2106 4011 2243 4064 1712
2306 4028 2354 4080 p.
2388 4011 2697 4074 370-80)
2746 4019 2814 4064 et

531 4080 665 4138 Joh.
786 4082 901 4140 ich.-
953 4082 1102 4140 Nob.
1167 4084 1239 4139 de
1293 4081 1589 4138 Zimmerl
1654 4081 2037 4156 (Sammlung
2102 4085 2208 4138 der
2263 4082 2809 4155 Weehselgesetze

534 4175 585 4227 p.
637 4162 726 4212 101
781 4158 960 4231 squ.).
1040 4156 1295 4215 Frustra
1359 4176 1503 4214 vero
1567 4157 1629 4213 in
1673 4155 1931 4232 Siegelii
1996 4177 2246 4231 corpore
2282 4157 2439 4231 juris
2494 4159 2811 4215 cambialis

529 4231 638 4287 has
679 4233 751 4288 de
793 4233 1038 4290 cambiis
1080 4232 1549 4291 constitutiones
1592 4231 2088 4310 Hamburgenses
2143 4234 2285 4291 anni
2335 4237 2473 4291 1605
2515 4235 2805 4309 quaesie-

439 4363 446 4370 ·
529 4306 670 4439 {3551
706 4305 1883 4459 23¹³.1‘¹”31‘3‚⁶.”¹..Z‘sssstffizmbffi‘ffztss
1934 4309 2021 4440 5¹:
2050 4309 2311 4441 sm?
2344 4309 2811 4456 fgjgnggfflgg

861 4423 880 4453 ,
1134 4428 1141 4435 ,

529 4459 691 4515 facta
733 4468 891 4527 sunt,
937 4458 1128 4515 offert.
