2950 4992
1566 401 1948 460 —2-

615 552 1057 635 recognoscit.
1147 550 1408 614 Etenim
1452 571 1854 616 nummorum
1913 572 2262 635 eorumque
2306 553 2618 636 ponderis
2676 559 2743 615 et
2788 573 2887 614 va·

614 639 775 703 loris
818 639 887 700 in
932 635 1208 700 diversis
1253 636 1450 699 terris
1500 637 1870 717 diversitas,
1920 658 2084 718 quae
2132 656 2273 702 cum
2304 638 2518 702 medio
2548 656 2714 701 aevo
2745 657 2890 718 per-

617 722 863 786 multae
925 721 1292 805 partimque
1357 721 1632 784 maxime
1697 743 1941 805 parvae
2006 723 2419 806 respublicae
2492 723 2559 784 in
2621 721 2891 803 Europa

619 808 1010 888 existerent,
1086 824 1444 887 permagna
1517 811 1679 888 erat,
1753 827 1885 871 non
1957 807 2163 870 minus
2220 827 2481 871 causam
2531 806 2896 868 condendis

620 892 887 956 cambiis
935 891 1134 968 dedit,
1183 890 1709 972 quandoquidem
1753 893 1835 955 ab
1879 893 2067 955 initio
2109 893 2179 955 in
2219 891 2696 975 permutatione
2728 889 2915 953 varii2

621 977 883 1059 generis
912 993 1310 1039 nummorum
1342 995 1720 1057 eorumque,
1772 996 2265 1059 compsorum
2308 976 2597 1058 regulari
2626 975 2895 1052 auxih'O,

619 1063 702 1125 ab
757 1060 908 1124 loco
965 1060 1178 1123 altero
1238 1059 1324 1122 ad
1377 1059 1653 1124 alterum
1700 1062 2025 1125 solutione
2081 1062 2509 1144 principalem
2563 1065 2631 1123 et
2673 1078 2897 1122 essen-

597 1145 840 1209 „tialem
908 1144 1305 1208 cambiorum
1371 1149 1669 1208 naturam
1734 1147 2114 1209 constitisse
2180 1155 2403 1210 notum
2471 1151 2590 1209 est.
2696 1143 2914 1206 Unde

621 1249 861 1294 nomen
905 1230 1183 1293 cambii
1229 1233 1442 1292 ortum
1489 1234 1619 1312 est;
1681 1231 1852 1294 unde
1895 1230 2227 1312 prioribus
2275 1230 2679 1313 temporibus
2728 1249 2901 1292 cam·

623 1315 796 1378 biale
839 1314 1176 1395 negotium
1223 1312 1364 1375 fere
1407 1315 1795 1377 unanimiter
1838 1320 2033 1395 atque
2080 1315 2275 1376 etiam
2318 1335 2489 1376 nunc
2534 1335 2574 1376 a
2618 1313 2901 1394 singulis

626 1398 713 1482 (v.
760 1418 824 1480 g.
871 1419 911 1460 a
951 1395 1268 1478 Bienero)
1313 1416 1434 1478 pro
1482 1399 1983 1461 commutatione
2013 1397 2118 1462 vel
2151 1399 2479 1481 emptione
2510 1399 2903 1460 venditione

619 1483 938 1564 pecuniae
1005 1482 1300 1545 absentis
1365 1500 1488 1563 pro
1555 1487 1907 1564 praesente
1974 1482 2264 1546 habitum
2332 1487 2454 1544 est.
2546 1480 2726 1556 Quae
2773 1481 2875 1542 fui

621 1585 967 1650 regnans
1037 1565 1118 1630 de
1187 1566 1453 1628 cambiis
1522 1567 1743 1648 opinio
1810 1587 2015 1648 usque
2070 1567 2157 1630 ad
2200 1566 2485 1630 saeclum
2528 1565 2777 1644 XVII.,
2834 1585 2873 1627 e

622 1651 746 1716 fuit
785 1655 970 1715 recta
1027 1649 1286 1732 quidem
1341 1651 1561 1732 opinio
1616 1653 1971 1715 secundum
2028 1651 2420 1734 primitivam
2472 1655 2770 1713 naturam
2815 1669 2863 1710 a

623 1737 911 1818 speciem
942 1735 1339 1799 cambiorum
1365 1735 1513 1798 istis
1546 1736 1805 1817 quidem
1835 1738 2269 1818 temporibus3
2318 1735 2489 1798 falsa
2516 1752 2677 1796 vero
2708 1738 2903 1814 post-

625 1840 814 1902 quam
859 1821 1256 1883 cambiorum
1287 1821 1593 1900 essentia,
1640 1821 2129 1886 indossamento
2161 1820 2570 1904 potissimum
2597 1819 2879 1880 invento

623 1904 818 1986 plane
882 1905 1138 1968 variata
1199 1903 1416 1968 fuerat
1426 1927 1443 1986 3
1512 1910 1801 1969 attamen
1862 1907 2091 1988 inclyti
2158 1907 2240 1969 de
2310 1904 2577 1968 cambiis
2622 1907 2861 1964 autore

620 1989 826 2053 totius
883 1988 1086 2052 saecli
1128 1987 1346 2051 XVII.
1396 1995 1462 2052 et
1504 1989 1720 2053 Italici
1767 1996 1835 2054 et
1880 1990 2249 2054 Germanici
2292 1990 2485 2052 istam
2530 1987 2841 2050 doctrina

621 2078 997 2155 sequuntur,
1044 2092 1280 2136 novam
1325 2074 1719 2137 cambiorem
1761 2081 2057 2138 naturam
2101 2095 2235 2138 non
2288 2078 2473 2137 recte
2527 2072 2907 2135 discernen-

620 2166 746 2223 tes,
854 2159 960 2222 Ita
1021 2157 1322 2240 Raphael
1389 2159 1469 2222 de
1539 2159 1755 2240 Turri‚
1822 2164 1889 2223 et
1960 2179 2183 2224 omnes
2240 2158 2411 2237 Itali,
2480 2157 2574 2219 ita
2637 2156 2905 2238 priores

627 2243 998 2308 Germanici
1021 2243 1381 2325 scriptores
1407 2244 1650 2326 dejure
1684 2244 2203 2324 cambia-liBode‚
2228 2242 2432 2324 Vogt,
2459 2240 2827 2322 Heydiger.
2856 2239 2914 2320 Β)

836 2327 1008 2392 Sane
1075 2347 1234 2391 vero
1314 2327 1627 2410 deinceps
1700 2334 1949 2392 mutata
2021 2336 2124 2392 est
2193 2327 2590 2390 cambiorum
2644 2330 2903 2388 natura.

626 2411 895 2478 Cambia
937 2432 978 2475 a
1021 2430 1431 2494 campsorum
1473 2412 1707 2476 vinclis
1776 2421 1926 2475 sunt
1990 2414 2271 2476 liberata
2334 2417 2402 2476 et
2456 2410 2783 2474 transiere
2841 2411 2914 2472 in¹

623 2496 900 2560 liberum
945 2497 1225 2560 omnium
1268 2503 1704 2561 mercatorum
1748 2517 1951 2560 usum.
2038 2497 2268 2578 Neque
2312 2497 2552 2574 valuta‚
2604 2513 2769 2575 quae
2822 2495 2903 2557 ab

624 2581 812 2644 initio
859 2580 1188 2662 significat
1242 2601 1549 2645 summam
1601 2601 1725 2664 pro
1782 2583 2035 2645 cambio
2094 2581 2416 2645 tradendo
2467 2579 2747 2660 emptori
2795 2579 2904 2641 da·

624 2672 774 2746 tam,
828 2666 896 2728 in
946 2665 1230 2748 pecunia
1283 2666 1509 2746 solum,
1570 2666 1690 2729 sed
1749 2667 1945 2730 etiam
1998 2667 2067 2729 in
2121 2665 2446 2729 mercibus
2490 2663 2600 2727 vel
2640 2663 2710 2725 in
2754 2663 2905 2725 aliis

625 2751 824 2814 rebus
870 2751 977 2814 vel
1023 2752 1220 2814 etiam
1259 2751 1327 2814 in
1372 2751 1627 2816 credito
1673 2751 1987 2834 deinceps
2034 2749 2339 2818 constare
2405 2749 2624 2832 potuit
2684 2767 2903 2828 neque

629 2834 980 2901 essentiale
1029 2835 1264 2898 cambii
1306 2836 1691 2917 requisitum
1757 2837 2133 2918 permansit,
2183 2834 2456 2897 etiamsi
2513 2838 2587 2895 ut
2638 2831 2904 2895 valutae

626 2921 867 2984 mentio
914 2924 1098 2995 certa
1137 2919 1347 3000 fieret,
1392 2940 1600 3001 usque
1639 2921 1726 2982 ad
1766 2926 1995 2983 nostra
2036 2925 2351 3000 tempora,
2402 2919 2523 2982 sed
2545 2922 2764 2981 tamen
2809 2918 2906 2980 iu-

630 3006 804 3086 juste
849 3005 933 3068 ab
978 3003 1196 3067 multis
1239 3003 1735 3085 legislatoribus
1786 3004 2188 3085 postulatum
2219 3003 2323 3066 sit.
2395 3003 2627 3084 Neque
2658 3001 2903 3064 diversi

633 3090 894 3170 generis
939 3107 1340 3151 nummorum
1382 3087 1777 3168 permutatio
1825 3088 2196 3152 essentialis
2247 3088 2315 3150 in
2361 3086 2746 3151 cambiando
2791 3105 2906 3150 res

630 3178 894 3236 retenta
937 3177 1057 3252 est,
1107 3171 1228 3234 sed
1258 3171 1511 3234 cambia
1540 3171 1915 3252 generalem
1949 3173 2268 3254 quandam
2298 3173 2472 3236 inter
2499 3176 2907 3235 mercatores

631 3277 672 3319 a
712 3256 864 3320 loco
909 3256 1120 3320 altero
1153 3256 1238 3319 ad
1282 3254 1560 3337 alterum
1606 3254 1961 3320 solvendae
2005 3257 2322 3338 pecuniae
2346 3261 2643 3334 naturam
2688 3275 2766 3318 ac
2814 3256 2907 3318 fa-

633 3341 942 3405 cultatem
995 3346 1393 3422 receperunt
1431 3359 1731 3421 novaque
1779 3341 2121 3419 solutionis
2164 3343 2595 3404 instrumenta
2639 3339 2901 3418 effecta,

629 3426 802 3489 inter
848 3429 1113 3488 certas
1173 3443 1336 3504 quae
1381 3424 1468 3486 in
1524 3425 1777 3488 cambio
1836 3427 2115 3507 quodam
2167 3433 2435 3490 notatae
2482 3432 2634 3488 sunt
2673 3444 2905 3507 perso-

631 3529 750 3573 nas
793 3509 1000 3591 ipsius
1043 3508 1362 3591 pecuniae
1407 3508 2011 3574 similitudinem
2058 3511 2200 3593 jam
2253 3511 2619 3574 habuerunt
2678 3528 2907 3572 secun·

635 3596 784 3656 dum
859 3592 1228 3674 analogiam
1291 3613 1692 3657 nummorum
1762 3593 2080 3679 fictorum,
2158 3615 2322 3677 quae
2388 3599 2528 3677 ‘pro
2602 3613 2761 3657 auro
2844 3599 2914 3658 et

839 3835 884 3903 ²)
959 3837 1208 3888 Matthias
1244 3836 1449 3900 Bode,
1501 3837 1779 3903 disputatio
1820 3840 1884 3889 de
1923 3840 2152 3892 cambiis.
2226 3839 2479 3904 Mar-burg
2522 3841 2685 3898 1646;
2731 3839 2914 3890 denuo

633 3912 799 3960 editus
837 3917 916 3960 est
949 3910 1034 3959 hic
1071 3909 1202 3959 libor
1238 3915 1503 3972 tamquam
1544 3911 1803 3974 appendix
1843 3913 2015 3974 operis
2054 3910 2193 3974 quod
2230 3912 2459 3973 sequitur
2496 3911 2801 3975 Heydigeri.
2845 3911 2914 3978 -ξ

631 3981 756 4034 Joh.
793 3981 946 4031 Mart.
987 3982 1188 4044 Vogt,
1228 3986 1481 4029 tractatus
1527 3981 1816 4044 analyticus
1865 3983 1929 4032 de
1966 3982 2178 4032 cambiis
2218 3981 2350 4036 Giss.
2394 3981 2550 4036 1658.
2622 3981 2803 4030 Editio
2849 3979 2914 4034 31:

629 4060 746 4103 tera
781 4054 1071 4103 correctior
1117 4065 1233 4100 cum
1279 4049 1633 4101 additionibus
1682 4053 1989 4115 quibusdam
2039 4054 2107 4102 ab
2146 4051 2414 4103 Ahasvero
2450 4052 2671 4102 Fritsch.
2744 4053 2911 4104 Fran-

630 4125 823 4174 cofurti
861 4137 1000 4177 anno
1043 4123 1196 4176 1670.
1224 4147 1292 4158 —-
1315 4123 1476 4172 Eines
1510 4123 1765 4186 gewissen
1800 4125 2013 4173 Antoris
2050 4125 2417 4188 Auleitung
2452 4139 2516 4172 zu
2549 4121 2911 4186 grundlichem

630 4195 891 4246 Vei-stand
930 4195 1020 4244 des
1057 4191 1476 4243 Wechselrechts
1516 4198 1615 4248 etc.
1653 4201 1751 4247 etc.
1865 4196 2020 4244 Allen
2058 4194 2339 4244 Gelehrtcn
2394 4194 2596 4243 sowohl
2659 4195 2735 4242 als
2774 4195 2914 4250 auch

633 4265 804 4314 Καπί-
840 4266 948 4314 und
985 4264 1393 4314 Handelsleuten
1431 4279 1497 4312 zu
1531 4270 1706 4328 gutem
1725 4265 2029 4316 Unterricht
2066 4266 2171 4316 und
2206 4267 2409 4317 Nutzen
2448 4267 2541 4314 mit
2560 4265 2845 4329 Bewilligu

632 4337 740 4456 ‘gest
771 4338 1119 4460 Δαῗίτίειέὖὶδ
1146 4335 1246 4384 den
1283 4335 1399 4397 'rag
1443 4335 1677 4398 gegeben
1725 4351 1827 4385 von
1875 4336 1997 4386 soh.
2036 4337 2205 4388 Jacob
2242 4337 2639 4400 Heydigern.
2715 4336 2899 4386 Frank

655 4423 717 4456 ur
777 4423 824 4455 a.
923 4445 938 4462 .
1125 4442 1138 4455 .
