<?xml version="1.0" encoding="UTF-8"?>
<!DOCTYPE html PUBLIC "-//W3C//DTD XHTML 1.0 Transitional//EN"
    "http://www.w3.org/TR/xhtml1/DTD/xhtml1-transitional.dtd">
<html xmlns="http://www.w3.org/1999/xhtml" xml:lang="en" lang="en">
 <head>
  <title>
</title>
<meta http-equiv="Content-Type" content="text/html;charset=utf-8" />
  <meta name='ocr-system' content='tesseract 3.04.00' />
  <meta name='ocr-capabilities' content='ocr_page ocr_carea ocr_par ocr_line ocrx_word'/>
</head>
<body>
  <div class='ocr_page' id='page_1' title='image "./decambiisstatut00stacgoog_0013.png"; bbox 0 0 2950 4992; ppageno 0'>
   <div class='ocr_carea' id='block_1_1' title="bbox 1051 453 1428 514">
    <p class='ocr_par' dir='ltr' id='par_1_1' title="bbox 1051 453 1428 514">
     <span class='ocr_line' id='line_1_1' title="bbox 1051 453 1428 514; baseline -0.003 -16"><span class='ocrx_word' id='word_1_1' title='bbox 1051 453 1428 514; x_wconf 53' lang='lat'>*5-</span> 
     </span>
    </p>
   </div>
   <div class='ocr_carea' id='block_1_2' title="bbox 73 605 2415 3801">
    <p class='ocr_par' dir='ltr' id='par_1_2' title="bbox 98 605 2384 2278">
     <span class='ocr_line' id='line_1_2' title="bbox 112 605 2383 690; baseline 0.003 -24"><span class='ocrx_word' id='word_1_2' title='bbox 112 605 410 668; x_wconf 87' lang='lat' dir='ltr'>ineitatus</span> <span class='ocrx_word' id='word_1_3' title='bbox 457 610 576 685; x_wconf 85' lang='lat' dir='ltr'>est,</span> <span class='ocrx_word' id='word_1_4' title='bbox 633 613 701 670; x_wconf 90' lang='lat' dir='ltr'>et</span> <span class='ocrx_word' id='word_1_5' title='bbox 747 627 888 678; x_wconf 85' lang='lat' dir='ltr'>cum</span> <span class='ocrx_word' id='word_1_6' title='bbox 954 609 1176 690; x_wconf 91' lang='lat' dir='ltr'>priore</span> <span class='ocrx_word' id='word_1_7' title='bbox 1243 612 1460 672; x_wconf 87' lang='lat' dir='ltr'>aetate</span> <span class='ocrx_word' id='word_1_8' title='bbox 1535 607 1675 670; x_wconf 88' lang='lat' dir='ltr'>fere</span> <span class='ocrx_word' id='word_1_9' title='bbox 1742 607 1886 670; x_wconf 91' lang='lat' dir='ltr'>solo</span> <span class='ocrx_word' id='word_1_10' title='bbox 1953 615 2383 672; x_wconf 84' lang='lat' dir='ltr'>mercatorum</span> 
     </span>
     <span class='ocr_line' id='line_1_3' title="bbox 108 691 2383 776; baseline 0.003 -25"><span class='ocrx_word' id='word_1_11' title='bbox 108 709 223 751; x_wconf 86' lang='lat' dir='ltr'>usu</span> <span class='ocrx_word' id='word_1_12' title='bbox 295 694 362 752; x_wconf 87' lang='lat' dir='ltr'>et</span> <span class='ocrx_word' id='word_1_13' title='bbox 437 691 626 771; x_wconf 88' lang='lat' dir='ltr'>praxi</span> <span class='ocrx_word' id='word_1_14' title='bbox 707 692 1028 756; x_wconf 90' lang='lat' dir='ltr'>cambiale</span> <span class='ocrx_word' id='word_1_15' title='bbox 1109 693 1565 756; x_wconf 82' lang='lat' dir='ltr'>commercium</span> <span class='ocrx_word' id='word_1_16' title='bbox 1651 691 2076 773; x_wconf 87' lang='lat' dir='ltr'>effloruisset,</span> <span class='ocrx_word' id='word_1_17' title='bbox 2145 699 2383 776; x_wconf 82' lang='lat' dir='ltr'>postea</span> 
     </span>
     <span class='ocr_line' id='line_1_4' title="bbox 111 775 2384 860; baseline 0.001 -23"><span class='ocrx_word' id='word_1_18' title='bbox 111 780 176 837; x_wconf 89' lang='lat' dir='ltr'>et</span> <span class='ocrx_word' id='word_1_19' title='bbox 248 775 505 855; x_wconf 87' lang='lat' dir='ltr'>quidem</span> <span class='ocrx_word' id='word_1_20' title='bbox 577 777 852 840; x_wconf 80' lang='lat' dir='ltr'>maxime</span> <span class='ocrx_word' id='word_1_21' title='bbox 931 782 1088 860; x_wconf 90' lang='lat' dir='ltr'>post</span> <span class='ocrx_word' id='word_1_22' title='bbox 1157 798 1390 841; x_wconf 89' lang='lat' dir='ltr'>annum</span> <span class='ocrx_word' id='word_1_23' title='bbox 1462 777 1627 839; x_wconf 87' lang='grc'>1600</span> <span class='ocrx_word' id='word_1_24' title='bbox 1702 796 1824 858; x_wconf 90' lang='lat' dir='ltr'>per</span> <span class='ocrx_word' id='word_1_25' title='bbox 1884 776 2249 842; x_wconf 87' lang='lat' dir='ltr'>litterarum</span> <span class='ocrx_word' id='word_1_26' title='bbox 2315 783 2384 840; x_wconf 90' lang='lat' dir='ltr'>et</span> 
     </span>
     <span class='ocr_line' id='line_1_5' title="bbox 106 860 2383 944; baseline 0.002 -23"><span class='ocrx_word' id='word_1_27' title='bbox 106 861 259 922; x_wconf 88' lang='lat' dir='ltr'>artis</span> <span class='ocrx_word' id='word_1_28' title='bbox 344 860 793 940; x_wconf 88' lang='lat' dir='ltr'>legislatoriae</span> <span class='ocrx_word' id='word_1_29' title='bbox 872 862 1162 926; x_wconf 87' lang='lat' dir='ltr'>subsidia</span> <span class='ocrx_word' id='word_1_30' title='bbox 1264 862 1660 926; x_wconf 89' lang='lat' dir='ltr'>cambiorum</span> <span class='ocrx_word' id='word_1_31' title='bbox 1764 861 2128 926; x_wconf 84' lang='lat' dir='ltr'>institutum</span> <span class='ocrx_word' id='word_1_32' title='bbox 2235 882 2383 944; x_wconf 90' lang='lat' dir='ltr'>pro·</span> 
     </span>
     <span class='ocr_line' id='line_1_6' title="bbox 106 945 2383 1026; baseline 0.002 -20"><span class='ocrx_word' id='word_1_33' title='bbox 106 949 339 1007; x_wconf 83' lang='lat' dir='ltr'>motum</span> <span class='ocrx_word' id='word_1_34' title='bbox 445 949 642 1026; x_wconf 88' lang='lat' dir='ltr'>atque</span> <span class='ocrx_word' id='word_1_35' title='bbox 753 947 1077 1010; x_wconf 88' lang='lat' dir='ltr'>excultum</span> <span class='ocrx_word' id='word_1_36' title='bbox 1185 952 1308 1011; x_wconf 90' lang='lat' dir='ltr'>est.</span> <span class='ocrx_word' id='word_1_37' title='bbox 1459 945 1774 1010; x_wconf 86' lang='lat' dir='ltr'>Italorum</span> <span class='ocrx_word' id='word_1_38' title='bbox 1882 966 2041 1010; x_wconf 85' lang='lat' dir='ltr'>vero</span> <span class='ocrx_word' id='word_1_39' title='bbox 2147 947 2383 1010; x_wconf 85' lang='lat' dir='ltr'>eximia</span> 
     </span>
     <span class='ocr_line' id='line_1_7' title="bbox 107 1029 2383 1114; baseline 0.002 -24"><span class='ocrx_word' id='word_1_40' title='bbox 107 1049 264 1110; x_wconf 89' lang='lat' dir='ltr'>quae</span> <span class='ocrx_word' id='word_1_41' title='bbox 313 1029 444 1090; x_wconf 86' lang='lat' dir='ltr'>sint</span> <span class='ocrx_word' id='word_1_42' title='bbox 488 1029 570 1092; x_wconf 91' lang='lat' dir='ltr'>de</span> <span class='ocrx_word' id='word_1_43' title='bbox 617 1031 886 1094; x_wconf 87' lang='lat' dir='ltr'>cambiis</span> <span class='ocrx_word' id='word_1_44' title='bbox 950 1051 1156 1114; x_wconf 89' lang='lat' dir='ltr'>opera</span> <span class='ocrx_word' id='word_1_45' title='bbox 1221 1033 1394 1095; x_wconf 87' lang='lat' dir='ltr'>intra</span> <span class='ocrx_word' id='word_1_46' title='bbox 1460 1030 1747 1096; x_wconf 90' lang='lat' dir='ltr'>saeclum</span> <span class='ocrx_word' id='word_1_47' title='bbox 1810 1029 2029 1095; x_wconf 85' lang='lat' dir='ltr'>XVII.</span> <span class='ocrx_word' id='word_1_48' title='bbox 2100 1050 2190 1094; x_wconf 89' lang='lat' dir='ltr'>sc.</span> <span class='ocrx_word' id='word_1_49' title='bbox 2256 1029 2383 1094; x_wconf 87' lang='lat' dir='ltr'>Ra·</span> 
     </span>
     <span class='ocr_line' id='line_1_8' title="bbox 104 1113 2382 1195; baseline 0.001 -20"><span class='ocrx_word' id='word_1_50' title='bbox 104 1113 350 1195; x_wconf 77' lang='lat' dir='ltr'>phaelis</span> <span class='ocrx_word' id='word_1_51' title='bbox 425 1114 506 1176; x_wconf 91' lang='lat' dir='ltr'>de</span> <span class='ocrx_word' id='word_1_52' title='bbox 580 1114 805 1195; x_wconf 88' lang='lat' dir='ltr'>Turri‚</span> <span class='ocrx_word' id='word_1_53' title='bbox 903 1116 1216 1180; x_wconf 89' lang='lat' dir='ltr'>Scacciae</span> <span class='ocrx_word' id='word_1_54' title='bbox 1286 1135 1523 1180; x_wconf 83' lang='lat' dir='ltr'>novam</span> <span class='ocrx_word' id='word_1_55' title='bbox 1606 1115 2003 1179; x_wconf 89' lang='lat' dir='ltr'>cambiorum</span> <span class='ocrx_word' id='word_1_56' title='bbox 2085 1121 2382 1179; x_wconf 88' lang='lat' dir='ltr'>naturam</span> 
     </span>
     <span class='ocr_line' id='line_1_9' title="bbox 105 1197 2383 1284; baseline 0.001 -25"><span class='ocrx_word' id='word_1_57' title='bbox 105 1217 288 1279; x_wconf 87' lang='lat' dir='ltr'>quam</span> <span class='ocrx_word' id='word_1_58' title='bbox 335 1197 508 1261; x_wconf 88' lang='lat' dir='ltr'>Galli</span> <span class='ocrx_word' id='word_1_59' title='bbox 549 1200 965 1280; x_wconf 89' lang='lat' dir='ltr'>posissimum</span> <span class='ocrx_word' id='word_1_60' title='bbox 1028 1202 1219 1284; x_wconf 86' lang='lat' dir='ltr'>primi</span> <span class='ocrx_word' id='word_1_61' title='bbox 1283 1201 1472 1283; x_wconf 87' lang='lat' dir='ltr'>praxi</span> <span class='ocrx_word' id='word_1_62' title='bbox 1535 1206 1604 1264; x_wconf 92' lang='lat' dir='ltr'>et</span> <span class='ocrx_word' id='word_1_63' title='bbox 1674 1200 1915 1263; x_wconf 89' lang='lat' dir='ltr'>litteris</span> <span class='ocrx_word' id='word_1_64' title='bbox 1975 1199 2383 1264; x_wconf 81' lang='lat' dir='ltr'><strong>excoluerint</strong></span> 
     </span>
     <span class='ocr_line' id='line_1_10' title="bbox 103 1283 2382 1366; baseline 0.002 -23"><span class='ocrx_word' id='word_1_65' title='bbox 103 1301 230 1344; x_wconf 90' lang='lat' dir='ltr'>non</span> <span class='ocrx_word' id='word_1_66' title='bbox 275 1301 431 1346; x_wconf 87' lang='lat' dir='ltr'>sane</span> <span class='ocrx_word' id='word_1_67' title='bbox 473 1283 867 1366; x_wconf 88' lang='lat' dir='ltr'>intelligunt.</span> <span class='ocrx_word' id='word_1_68' title='bbox 954 1286 1501 1350; x_wconf 87' lang='lat' dir='ltr'>Recentissimam</span> <span class='ocrx_word' id='word_1_69' title='bbox 1543 1304 1703 1348; x_wconf 83' lang='lat' dir='ltr'>vero</span> <span class='ocrx_word' id='word_1_70' title='bbox 1750 1284 2159 1348; x_wconf 90' lang='lat' dir='ltr'>cambialium</span> <span class='ocrx_word' id='word_1_71' title='bbox 2200 1285 2382 1347; x_wconf 90' lang='lat' dir='ltr'>insti-</span> 
     </span>
     <span class='ocr_line' id='line_1_11' title="bbox 103 1365 2381 1452; baseline 0.002 -24"><span class='ocrx_word' id='word_1_72' title='bbox 103 1365 415 1428; x_wconf 87' lang='lat' dir='ltr'>tutionum</span> <span class='ocrx_word' id='word_1_73' title='bbox 475 1387 596 1449; x_wconf 91' lang='lat' dir='ltr'>per</span> <span class='ocrx_word' id='word_1_74' title='bbox 665 1371 982 1451; x_wconf 83' lang='lat' dir='ltr'>epocham</span> <span class='ocrx_word' id='word_1_75' title='bbox 1049 1371 1474 1435; x_wconf 89' lang='lat' dir='ltr'>Germanos</span> <span class='ocrx_word' id='word_1_76' title='bbox 1529 1369 1941 1452; x_wconf 88' lang='lat' dir='ltr'>potissimum</span> <span class='ocrx_word' id='word_1_77' title='bbox 1992 1368 2381 1433; x_wconf 80' lang='lat' dir='ltr'>excelluisse</span> 
     </span>
     <span class='ocr_line' id='line_1_12' title="bbox 102 1452 2381 1536; baseline 0.002 -24"><span class='ocrx_word' id='word_1_78' title='bbox 102 1470 286 1514; x_wconf 91' lang='lat' dir='ltr'>nemo</span> <span class='ocrx_word' id='word_1_79' title='bbox 320 1455 422 1514; x_wconf 89' lang='lat' dir='ltr'>est</span> <span class='ocrx_word' id='word_1_80' title='bbox 453 1453 558 1533; x_wconf 90' lang='lat' dir='ltr'>qui</span> <span class='ocrx_word' id='word_1_81' title='bbox 589 1456 951 1535; x_wconf 78' lang='lat' dir='ltr'>negaverit.</span> <span class='ocrx_word' id='word_1_82' title='bbox 1041 1455 1347 1520; x_wconf 84' lang='lat' dir='ltr'>Germani</span> <span class='ocrx_word' id='word_1_83' title='bbox 1379 1455 1550 1518; x_wconf 88' lang='lat' dir='ltr'>enim</span> <span class='ocrx_word' id='word_1_84' title='bbox 1581 1474 1723 1516; x_wconf 89' lang='lat' dir='ltr'>cum</span> <span class='ocrx_word' id='word_1_85' title='bbox 1741 1455 1882 1536; x_wconf 88' lang='lat' dir='ltr'>jam</span> <span class='ocrx_word' id='word_1_86' title='bbox 1913 1453 2133 1518; x_wconf 89' lang='lat' dir='ltr'>saeclo</span> <span class='ocrx_word' id='word_1_87' title='bbox 2163 1452 2381 1516; x_wconf 87' lang='lat' dir='ltr'><strong>XVII.</strong></span> 
     </span>
     <span class='ocr_line' id='line_1_13' title="bbox 101 1535 2379 1620; baseline 0.001 -22"><span class='ocrx_word' id='word_1_88' title='bbox 101 1535 494 1598; x_wconf 88' lang='lat' dir='ltr'>cambiorum</span> <span class='ocrx_word' id='word_1_89' title='bbox 537 1557 723 1600; x_wconf 90' lang='lat' dir='ltr'>usum</span> <span class='ocrx_word' id='word_1_90' title='bbox 765 1539 1128 1604; x_wconf 90' lang='lat' dir='ltr'>litterarum</span> <span class='ocrx_word' id='word_1_91' title='bbox 1173 1540 1388 1605; x_wconf 90' lang='lat' dir='ltr'>studio</span> <span class='ocrx_word' id='word_1_92' title='bbox 1437 1545 1507 1602; x_wconf 92' lang='lat' dir='ltr'>et</span> <span class='ocrx_word' id='word_1_93' title='bbox 1546 1538 1998 1620; x_wconf 82' lang='lat' dir='ltr'>legislatoriae</span> <span class='ocrx_word' id='word_1_94' title='bbox 2045 1539 2207 1601; x_wconf 90' lang='lat' dir='ltr'>artis</span> <span class='ocrx_word' id='word_1_95' title='bbox 2253 1557 2379 1620; x_wconf 88' lang='lat' dir='ltr'>ope</span> 
     </span>
     <span class='ocr_line' id='line_1_14' title="bbox 99 1619 2377 1705; baseline 0.001 -23"><span class='ocrx_word' id='word_1_96' title='bbox 99 1619 401 1683; x_wconf 84' lang='lat' dir='ltr'>excolere</span> <span class='ocrx_word' id='word_1_97' title='bbox 466 1621 888 1705; x_wconf 79' lang='lat' dir='ltr'>incepissent,</span> <span class='ocrx_word' id='word_1_98' title='bbox 977 1625 1199 1689; x_wconf 88' lang='lat' dir='ltr'>saeclo</span> <span class='ocrx_word' id='word_1_99' title='bbox 1269 1623 1521 1686; x_wconf 88' lang='lat' dir='ltr'>XVIII.</span> <span class='ocrx_word' id='word_1_100' title='bbox 1587 1643 1709 1705; x_wconf 91' lang='lat' dir='ltr'>per</span> <span class='ocrx_word' id='word_1_101' title='bbox 1756 1621 2168 1686; x_wconf 80' lang='lat' dir='ltr'>Germaniam</span> <span class='ocrx_word' id='word_1_102' title='bbox 2234 1642 2377 1704; x_wconf 90' lang='lat' dir='ltr'>per-</span> 
     </span>
     <span class='ocr_line' id='line_1_15' title="bbox 102 1703 2379 1790; baseline 0.002 -24"><span class='ocrx_word' id='word_1_103' title='bbox 102 1703 281 1766; x_wconf 82' lang='lat' dir='ltr'>multi</span> <span class='ocrx_word' id='word_1_104' title='bbox 324 1711 393 1768; x_wconf 92' lang='lat' dir='ltr'>et</span> <span class='ocrx_word' id='word_1_105' title='bbox 433 1705 692 1788; x_wconf 88' lang='lat' dir='ltr'>plurimi</span> <span class='ocrx_word' id='word_1_106' title='bbox 735 1709 816 1772; x_wconf 85' lang='lat' dir='ltr'>de</span> <span class='ocrx_word' id='word_1_107' title='bbox 864 1711 1130 1772; x_wconf 86' lang='lat' dir='ltr'>cambiis</span> <span class='ocrx_word' id='word_1_108' title='bbox 1177 1709 1328 1772; x_wconf 87' lang='lat' dir='ltr'>libri</span> <span class='ocrx_word' id='word_1_109' title='bbox 1375 1707 1733 1790; x_wconf 90' lang='lat' dir='ltr'>conscripti</span> <span class='ocrx_word' id='word_1_110' title='bbox 1789 1712 1857 1770; x_wconf 89' lang='lat' dir='ltr'>et</span> <span class='ocrx_word' id='word_1_111' title='bbox 1913 1707 2053 1770; x_wconf 91' lang='lat' dir='ltr'>fere</span> <span class='ocrx_word' id='word_1_112' title='bbox 2097 1707 2379 1770; x_wconf 89' lang='lat' dir='ltr'>innume-</span> 
     </span>
     <span class='ocr_line' id='line_1_16' title="bbox 101 1788 2378 1875; baseline 0.002 -25"><span class='ocrx_word' id='word_1_113' title='bbox 101 1788 342 1853; x_wconf 85' lang='lat' dir='ltr'>rabiles</span> <span class='ocrx_word' id='word_1_114' title='bbox 387 1789 574 1871; x_wconf 88' lang='lat' dir='ltr'>leges</span> <span class='ocrx_word' id='word_1_115' title='bbox 624 1796 693 1855; x_wconf 92' lang='lat' dir='ltr'>et</span> <span class='ocrx_word' id='word_1_116' title='bbox 737 1794 1184 1858; x_wconf 86' lang='lat' dir='ltr'>ordinationes</span> <span class='ocrx_word' id='word_1_117' title='bbox 1233 1813 1396 1875; x_wconf 92' lang='lat' dir='ltr'>quae</span> <span class='ocrx_word' id='word_1_118' title='bbox 1429 1793 1515 1856; x_wconf 90' lang='lat' dir='ltr'>ad</span> <span class='ocrx_word' id='word_1_119' title='bbox 1546 1793 1941 1856; x_wconf 88' lang='lat' dir='ltr'>cambiorum</span> <span class='ocrx_word' id='word_1_120' title='bbox 1978 1810 2162 1854; x_wconf 92' lang='lat' dir='ltr'>usum</span> <span class='ocrx_word' id='word_1_121' title='bbox 2194 1809 2378 1873; x_wconf 89' lang='lat' dir='ltr'>spec-</span> 
     </span>
     <span class='ocr_line' id='line_1_17' title="bbox 101 1875 2380 1959; baseline 0.001 -23"><span class='ocrx_word' id='word_1_122' title='bbox 101 1880 258 1953; x_wconf 87' lang='lat' dir='ltr'>tant,</span> <span class='ocrx_word' id='word_1_123' title='bbox 306 1875 758 1957; x_wconf 87' lang='lat' dir='ltr'>promulgatae</span> <span class='ocrx_word' id='word_1_124' title='bbox 807 1884 973 1941; x_wconf 91' lang='lat' dir='ltr'>sunt.</span> <span class='ocrx_word' id='word_1_125' title='bbox 1061 1879 1149 1942; x_wconf 83' lang='lat' dir='ltr'>Et</span> <span class='ocrx_word' id='word_1_126' title='bbox 1191 1884 1420 1942; x_wconf 92' lang='lat' dir='ltr'>nostro</span> <span class='ocrx_word' id='word_1_127' title='bbox 1455 1877 1715 1959; x_wconf 88' lang='lat' dir='ltr'>quidem</span> <span class='ocrx_word' id='word_1_128' title='bbox 1745 1881 2043 1958; x_wconf 80' lang='lat' dir='ltr'>tempore</span> <span class='ocrx_word' id='word_1_129' title='bbox 2079 1895 2200 1958; x_wconf 91' lang='lat' dir='ltr'>per</span> <span class='ocrx_word' id='word_1_130' title='bbox 2222 1875 2380 1939; x_wconf 91' lang='lat' dir='ltr'>Ger·</span> 
     </span>
     <span class='ocr_line' id='line_1_18' title="bbox 101 1961 2378 2026; baseline 0.001 -6"><span class='ocrx_word' id='word_1_131' title='bbox 101 1979 324 2021; x_wconf 88' lang='lat' dir='ltr'>manos</span> <span class='ocrx_word' id='word_1_132' title='bbox 371 1961 764 2025; x_wconf 87' lang='lat' dir='ltr'>cambiorum</span> <span class='ocrx_word' id='word_1_133' title='bbox 808 1963 1108 2026; x_wconf 90' lang='lat' dir='ltr'>instituta</span> <span class='ocrx_word' id='word_1_134' title='bbox 1157 1983 1290 2026; x_wconf 88' lang='lat' dir='ltr'>non</span> <span class='ocrx_word' id='word_1_135' title='bbox 1345 1961 1553 2026; x_wconf 89' lang='lat' dir='ltr'>solum</span> <span class='ocrx_word' id='word_1_136' title='bbox 1626 1961 2085 2025; x_wconf 88' lang='lat' dir='ltr'>efflorescente</span> <span class='ocrx_word' id='word_1_137' title='bbox 2134 1979 2378 2024; x_wconf 88' lang='lat' dir='ltr'>summo</span> 
     </span>
     <span class='ocr_line' id='line_1_19' title="bbox 99 2043 2379 2126; baseline 0.002 -22"><span class='ocrx_word' id='word_1_138' title='bbox 99 2043 458 2106; x_wconf 84' lang='lat' dir='ltr'>litterarum</span> <span class='ocrx_word' id='word_1_139' title='bbox 513 2045 730 2108; x_wconf 88' lang='lat' dir='ltr'>studio</span> <span class='ocrx_word' id='word_1_140' title='bbox 786 2047 1122 2111; x_wconf 86' lang='lat' dir='ltr'>doctrinae</span> <span class='ocrx_word' id='word_1_141' title='bbox 1167 2047 1513 2110; x_wconf 90' lang='lat' dir='ltr'>luminibus</span> <span class='ocrx_word' id='word_1_142' title='bbox 1560 2045 1820 2110; x_wconf 86' lang='lat' dir='ltr'>summis</span> <span class='ocrx_word' id='word_1_143' title='bbox 1864 2045 2211 2126; x_wconf 87' lang='lat' dir='ltr'>illustrata,</span> <span class='ocrx_word' id='word_1_144' title='bbox 2262 2046 2379 2108; x_wconf 87' lang='lat' dir='ltr'>sed</span> 
     </span>
     <span class='ocr_line' id='line_1_20' title="bbox 98 2127 2379 2213; baseline 0.002 -25"><span class='ocrx_word' id='word_1_145' title='bbox 98 2127 544 2208; x_wconf 86' lang='lat' dir='ltr'>legislatoriae</span> <span class='ocrx_word' id='word_1_146' title='bbox 590 2131 750 2192; x_wconf 89' lang='lat' dir='ltr'>artis</span> <span class='ocrx_word' id='word_1_147' title='bbox 795 2132 1184 2213; x_wconf 87' lang='lat' dir='ltr'>adjumentis</span> <span class='ocrx_word' id='word_1_148' title='bbox 1243 2133 1326 2196; x_wconf 86' lang='lat' dir='ltr'>ad</span> <span class='ocrx_word' id='word_1_149' title='bbox 1385 2131 1709 2212; x_wconf 86' lang='lat' dir='ltr'>quoddam</span> <span class='ocrx_word' id='word_1_150' title='bbox 1766 2150 2074 2194; x_wconf 88' lang='lat' dir='ltr'>cacumen</span> <span class='ocrx_word' id='word_1_151' title='bbox 2128 2130 2379 2212; x_wconf 90' lang='lat' dir='ltr'>perfec-</span> 
     </span>
     <span class='ocr_line' id='line_1_21' title="bbox 99 2213 746 2278; baseline 0.008 -6"><span class='ocrx_word' id='word_1_152' title='bbox 99 2217 233 2273; x_wconf 86' lang='lat' dir='ltr'>tum</span> <span class='ocrx_word' id='word_1_153' title='bbox 278 2213 534 2276; x_wconf 83' lang='lat' dir='ltr'>elevata</span> <span class='ocrx_word' id='word_1_154' title='bbox 577 2219 746 2278; x_wconf 88' lang='lat' dir='ltr'>sunt.</span> 
     </span>
    </p>

    <p class='ocr_par' dir='ltr' id='par_1_3' title="bbox 73 2298 2415 3801">
     <span class='ocr_line' id='line_1_22' title="bbox 307 2298 2380 2380; baseline -0.001 -20"><span class='ocrx_word' id='word_1_155' title='bbox 307 2299 616 2361; x_wconf 85' lang='lat' dir='ltr'>Attamen</span> <span class='ocrx_word' id='word_1_156' title='bbox 658 2319 790 2362; x_wconf 90' lang='lat' dir='ltr'>non</span> <span class='ocrx_word' id='word_1_157' title='bbox 855 2305 957 2364; x_wconf 90' lang='lat' dir='ltr'>est</span> <span class='ocrx_word' id='word_1_158' title='bbox 997 2299 1064 2362; x_wconf 90' lang='lat' dir='ltr'>in</span> <span class='ocrx_word' id='word_1_159' title='bbox 1109 2300 1340 2380; x_wconf 87' lang='lat' dir='ltr'>animo,</span> <span class='ocrx_word' id='word_1_160' title='bbox 1389 2299 1695 2362; x_wconf 92' lang='lat' dir='ltr'>hocloco</span> <span class='ocrx_word' id='word_1_161' title='bbox 1744 2299 2213 2362; x_wconf 86' lang='lat' dir='ltr'>Germanorum</span> <span class='ocrx_word' id='word_1_162' title='bbox 2260 2298 2380 2359; x_wconf 91' lang='lat' dir='ltr'>sin-</span> 
     </span>
     <span class='ocr_line' id='line_1_23' title="bbox 97 2381 2379 2464; baseline 0 -22"><span class='ocrx_word' id='word_1_163' title='bbox 97 2382 254 2462; x_wconf 84' lang='lat' dir='ltr'>gula</span> <span class='ocrx_word' id='word_1_164' title='bbox 323 2383 403 2444; x_wconf 89' lang='lat' dir='ltr'>de</span> <span class='ocrx_word' id='word_1_165' title='bbox 447 2395 520 2446; x_wconf 81' lang='lat' dir='ltr'>re</span> <span class='ocrx_word' id='word_1_166' title='bbox 569 2383 870 2448; x_wconf 88' lang='lat' dir='ltr'>cambiali</span> <span class='ocrx_word' id='word_1_167' title='bbox 914 2386 1146 2449; x_wconf 88' lang='lat' dir='ltr'>merita</span> <span class='ocrx_word' id='word_1_168' title='bbox 1213 2403 1522 2448; x_wconf 91' lang='lat' dir='ltr'>enarrare</span> <span class='ocrx_word' id='word_1_169' title='bbox 1590 2383 2019 2464; x_wconf 88' lang='lat' dir='ltr'>laudibusque</span> <span class='ocrx_word' id='word_1_170' title='bbox 2086 2381 2379 2444; x_wconf 88' lang='lat' dir='ltr'>omnibus</span> 
     </span>
     <span class='ocr_line' id='line_1_24' title="bbox 109 2465 2378 2552; baseline 0 -24"><span class='ocrx_word' id='word_1_171' title='bbox 109 2466 452 2530; x_wconf 81' lang='lat' dir='ltr'>extollere.</span> <span class='ocrx_word' id='word_1_172' title='bbox 539 2469 742 2531; x_wconf 88' lang='lat' dir='ltr'>Immo</span> <span class='ocrx_word' id='word_1_173' title='bbox 789 2489 828 2532; x_wconf 91' lang='lat' dir='ltr'>a</span> <span class='ocrx_word' id='word_1_174' title='bbox 893 2469 1218 2552; x_wconf 90' lang='lat' dir='ltr'>principio</span> <span class='ocrx_word' id='word_1_175' title='bbox 1263 2469 1704 2550; x_wconf 88' lang='lat' dir='ltr'>incipiendum</span> <span class='ocrx_word' id='word_1_176' title='bbox 1733 2468 1923 2531; x_wconf 89' lang='lat' dir='ltr'>nobis</span> <span class='ocrx_word' id='word_1_177' title='bbox 1959 2472 2079 2530; x_wconf 88' lang='lat' dir='ltr'>est.</span> <span class='ocrx_word' id='word_1_178' title='bbox 2167 2465 2378 2528; x_wconf 83' lang='lat' dir='ltr'>Rede-</span> 
     </span>
     <span class='ocr_line' id='line_1_25' title="bbox 101 2551 2379 2636; baseline 0 -24"><span class='ocrx_word' id='word_1_179' title='bbox 101 2571 294 2613; x_wconf 82' lang='lat' dir='ltr'>amus</span> <span class='ocrx_word' id='word_1_180' title='bbox 339 2552 424 2614; x_wconf 87' lang='lat' dir='ltr'>ad</span> <span class='ocrx_word' id='word_1_181' title='bbox 467 2551 582 2615; x_wconf 90' lang='lat' dir='ltr'>illa</span> <span class='ocrx_word' id='word_1_182' title='bbox 625 2559 941 2636; x_wconf 82' lang='lat' dir='ltr'>tempora,</span> <span class='ocrx_word' id='word_1_183' title='bbox 991 2555 1222 2636; x_wconf 90' lang='lat' dir='ltr'>quibus</span> <span class='ocrx_word' id='word_1_184' title='bbox 1275 2554 1343 2616; x_wconf 91' lang='lat' dir='ltr'>in</span> <span class='ocrx_word' id='word_1_185' title='bbox 1391 2553 1741 2616; x_wconf 81' lang='lat' dir='ltr'>Germania</span> <span class='ocrx_word' id='word_1_186' title='bbox 1787 2553 2183 2616; x_wconf 90' lang='lat' dir='ltr'>cambiorum</span> <span class='ocrx_word' id='word_1_187' title='bbox 2224 2569 2379 2612; x_wconf 88' lang='lat' dir='ltr'>usus</span> 
     </span>
     <span class='ocr_line' id='line_1_26' title="bbox 96 2635 2415 2719; baseline -0 -22"><span class='ocrx_word' id='word_1_188' title='bbox 96 2643 166 2697; x_wconf 87' lang='lat' dir='ltr'>et</span> <span class='ocrx_word' id='word_1_189' title='bbox 229 2637 510 2699; x_wconf 90' lang='lat' dir='ltr'>studium</span> <span class='ocrx_word' id='word_1_190' title='bbox 574 2636 847 2718; x_wconf 90' lang='lat' dir='ltr'>primum</span> <span class='ocrx_word' id='word_1_191' title='bbox 901 2657 1203 2702; x_wconf 89' lang='lat' dir='ltr'>crescere</span> <span class='ocrx_word' id='word_1_192' title='bbox 1263 2637 1577 2719; x_wconf 88' lang='lat' dir='ltr'>coeperit,</span> <span class='ocrx_word' id='word_1_193' title='bbox 1640 2643 1707 2700; x_wconf 90' lang='lat' dir='ltr'>et</span> <span class='ocrx_word' id='word_1_194' title='bbox 1750 2637 2141 2700; x_wconf 87' lang='lat' dir='ltr'>arctioribus</span> <span class='ocrx_word' id='word_1_195' title='bbox 2186 2635 2415 2716; x_wconf 37' lang='lat' dir='ltr'>hujus*</span> 
     </span>
     <span class='ocr_line' id='line_1_27' title="bbox 93 2720 2380 2802; baseline 0 -21"><span class='ocrx_word' id='word_1_196' title='bbox 93 2720 582 2784; x_wconf 86' lang='lat' dir='ltr'>dissertationis</span> <span class='ocrx_word' id='word_1_197' title='bbox 627 2722 862 2785; x_wconf 89' lang='lat' dir='ltr'>finibus</span> <span class='ocrx_word' id='word_1_198' title='bbox 905 2723 1194 2800; x_wconf 77' lang='lat' dir='ltr'>inclusiS,</span> <span class='ocrx_word' id='word_1_199' title='bbox 1243 2723 1471 2784; x_wconf 90' lang='lat' dir='ltr'>horum</span> <span class='ocrx_word' id='word_1_200' title='bbox 1514 2726 1877 2802; x_wconf 87' lang='lat' dir='ltr'>temporum</span> <span class='ocrx_word' id='word_1_201' title='bbox 1922 2720 2201 2801; x_wconf 86' lang='lat' dir='ltr'>spatium</span> <span class='ocrx_word' id='word_1_202' title='bbox 2247 2739 2380 2782; x_wconf 87' lang='lat' dir='ltr'>cer-</span> 
     </span>
     <span class='ocr_line' id='line_1_28' title="bbox 95 2803 2381 2888; baseline -0.001 -22"><span class='ocrx_word' id='word_1_203' title='bbox 95 2811 233 2867; x_wconf 88' lang='lat' dir='ltr'>tum</span> <span class='ocrx_word' id='word_1_204' title='bbox 281 2810 350 2868; x_wconf 91' lang='lat' dir='ltr'>et</span> <span class='ocrx_word' id='word_1_205' title='bbox 392 2807 687 2869; x_wconf 86' lang='lat' dir='ltr'>strictum</span> <span class='ocrx_word' id='word_1_206' title='bbox 716 2803 1196 2888; x_wconf 79' lang='lat' dir='ltr'>retineamus;⁶)</span> <span class='ocrx_word' id='word_1_207' title='bbox 1243 2805 1460 2868; x_wconf 88' lang='lat' dir='ltr'>Saecli</span> <span class='ocrx_word' id='word_1_208' title='bbox 1490 2804 1707 2867; x_wconf 89' lang='lat' dir='ltr'>XVII.</span> <span class='ocrx_word' id='word_1_209' title='bbox 1739 2806 1947 2887; x_wconf 90' lang='lat' dir='ltr'>prima</span> <span class='ocrx_word' id='word_1_210' title='bbox 1974 2804 2161 2866; x_wconf 89' lang='lat' dir='ltr'>initia</span> <span class='ocrx_word' id='word_1_211' title='bbox 2196 2804 2381 2884; x_wconf 88' lang='lat' dir='ltr'>sequi</span> 
     </span>
     <span class='ocr_line' id='line_1_29' title="bbox 73 2889 2379 2974; baseline -0 -23"><span class='ocrx_word' id='word_1_212' title='bbox 73 2894 164 2952; x_wconf 90' lang='lat' dir='ltr'>·et</span> <span class='ocrx_word' id='word_1_213' title='bbox 209 2907 375 2970; x_wconf 89' lang='lat' dir='ltr'>quae</span> <span class='ocrx_word' id='word_1_214' title='bbox 418 2891 549 2953; x_wconf 90' lang='lat' dir='ltr'>isto</span> <span class='ocrx_word' id='word_1_215' title='bbox 595 2897 889 2974; x_wconf 88' lang='lat' dir='ltr'>tempore</span> <span class='ocrx_word' id='word_1_216' title='bbox 933 2890 1527 2972; x_wconf 87' lang='lat' dir='ltr'>Hamburgensium</span> <span class='ocrx_word' id='word_1_217' title='bbox 1566 2889 2019 2971; x_wconf 87' lang='lat' dir='ltr'>legislatorum</span> <span class='ocrx_word' id='word_1_218' title='bbox 2065 2889 2146 2950; x_wconf 92' lang='lat' dir='ltr'>de</span> <span class='ocrx_word' id='word_1_219' title='bbox 2215 2907 2379 2950; x_wconf 89' lang='lat' dir='ltr'>cam-</span> 
     </span>
     <span class='ocr_line' id='line_1_30' title="bbox 93 2972 2375 3056; baseline -0.001 -20"><span class='ocrx_word' id='word_1_220' title='bbox 93 2977 350 3038; x_wconf 87' lang='lat' dir='ltr'>biorum</span> <span class='ocrx_word' id='word_1_221' title='bbox 391 2975 706 3038; x_wconf 85' lang='lat' dir='ltr'>institutis</span> <span class='ocrx_word' id='word_1_222' title='bbox 751 2977 986 3039; x_wconf 90' lang='lat' dir='ltr'>merita</span> <span class='ocrx_word' id='word_1_223' title='bbox 1030 2976 1272 3039; x_wconf 89' lang='lat' dir='ltr'>fuerint</span> <span class='ocrx_word' id='word_1_224' title='bbox 1298 2975 1681 3056; x_wconf 89' lang='lat' dir='ltr'>perspicere</span> <span class='ocrx_word' id='word_1_225' title='bbox 1726 2973 1885 3038; x_wconf 87' lang='lat' dir='ltr'>licet</span> <span class='ocrx_word' id='word_1_226' title='bbox 1916 2992 1994 3036; x_wconf 93' lang='lat' dir='ltr'>eo</span> <span class='ocrx_word' id='word_1_227' title='bbox 2024 2972 2375 3050; x_wconf 75' lang='lat' dir='ltr'>lubentiuS,</span> 
     </span>
     <span class='ocr_line' id='line_1_31' title="bbox 92 3056 2382 3142; baseline -0.001 -22"><span class='ocrx_word' id='word_1_228' title='bbox 92 3080 226 3140; x_wconf 92' lang='lat' dir='ltr'>quo</span> <span class='ocrx_word' id='word_1_229' title='bbox 271 3059 340 3120; x_wconf 90' lang='lat' dir='ltr'>in</span> <span class='ocrx_word' id='word_1_230' title='bbox 380 3060 524 3122; x_wconf 89' lang='lat' dir='ltr'>istis</span> <span class='ocrx_word' id='word_1_231' title='bbox 569 3059 1178 3142; x_wconf 86' lang='lat' dir='ltr'>Hamburgensibus</span> <span class='ocrx_word' id='word_1_232' title='bbox 1214 3061 1296 3123; x_wconf 92' lang='lat' dir='ltr'>de</span> <span class='ocrx_word' id='word_1_233' title='bbox 1329 3059 1601 3122; x_wconf 89' lang='lat' dir='ltr'>cambiis</span> <span class='ocrx_word' id='word_1_234' title='bbox 1629 3059 1888 3140; x_wconf 86' lang='lat' dir='ltr'>legibus</span> <span class='ocrx_word' id='word_1_235' title='bbox 1919 3057 2143 3138; x_wconf 90' lang='lat' dir='ltr'>primis</span> <span class='ocrx_word' id='word_1_236' title='bbox 2174 3056 2382 3137; x_wconf 88' lang='lat' dir='ltr'>prima</span> 
     </span>
     <span class='ocr_line' id='line_1_32' title="bbox 91 3141 2381 3226; baseline -0.002 -19"><span class='ocrx_word' id='word_1_237' title='bbox 91 3145 357 3207; x_wconf 89' lang='lat' dir='ltr'>omnino</span> <span class='ocrx_word' id='word_1_238' title='bbox 393 3143 724 3206; x_wconf 88' lang='lat' dir='ltr'>cambialis</span> <span class='ocrx_word' id='word_1_239' title='bbox 755 3145 822 3207; x_wconf 89' lang='lat' dir='ltr'>in</span> <span class='ocrx_word' id='word_1_240' title='bbox 855 3145 1204 3208; x_wconf 82' lang='lat' dir='ltr'>Germania</span> <span class='ocrx_word' id='word_1_241' title='bbox 1231 3143 1665 3226; x_wconf 80' lang='lat' dir='ltr'>legislationis</span> <span class='ocrx_word' id='word_1_242' title='bbox 1694 3141 1977 3223; x_wconf 82' lang='lat' dir='ltr'>vestigia</span> <span class='ocrx_word' id='word_1_243' title='bbox 2008 3141 2381 3205; x_wconf 84' lang='lat' dir='ltr'>obveniunt.</span> 
     </span>
     <span class='ocr_line' id='line_1_33' title="bbox 89 3224 2381 3310; baseline -0.001 -19"><span class='ocrx_word' id='word_1_244' title='bbox 89 3229 261 3291; x_wconf 86' lang='lat' dir='ltr'>Nam</span> <span class='ocrx_word' id='word_1_245' title='bbox 307 3247 688 3309; x_wconf 88' lang='lat' dir='ltr'>quamquam</span> <span class='ocrx_word' id='word_1_246' title='bbox 738 3230 1131 3292; x_wconf 88' lang='lat' dir='ltr'>cambiorum</span> <span class='ocrx_word' id='word_1_247' title='bbox 1173 3249 1348 3308; x_wconf 86' lang='lat' dir='ltr'>usus,</span> <span class='ocrx_word' id='word_1_248' title='bbox 1398 3228 1507 3310; x_wconf 88' lang='lat' dir='ltr'>qui</span> <span class='ocrx_word' id='word_1_249' title='bbox 1551 3229 1725 3310; x_wconf 89' lang='lat' dir='ltr'>apud</span> <span class='ocrx_word' id='word_1_250' title='bbox 1778 3227 1985 3291; x_wconf 87' lang='lat' dir='ltr'>Italos</span> <span class='ocrx_word' id='word_1_251' title='bbox 2042 3230 2108 3288; x_wconf 92' lang='lat' dir='ltr'>et</span> <span class='ocrx_word' id='word_1_252' title='bbox 2149 3224 2381 3288; x_wconf 83' lang='lat' dir='ltr'>Roma-</span> 
     </span>
     <span class='ocr_line' id='line_1_34' title="bbox 89 3310 2375 3396; baseline -0.002 -20"><span class='ocrx_word' id='word_1_253' title='bbox 89 3333 214 3376; x_wconf 87' lang='lat' dir='ltr'>nos</span> <span class='ocrx_word' id='word_1_254' title='bbox 291 3313 730 3396; x_wconf 86' lang='lat' dir='ltr'>provinciales</span> <span class='ocrx_word' id='word_1_255' title='bbox 785 3315 928 3394; x_wconf 85' lang='lat' dir='ltr'>jam</span> <span class='ocrx_word' id='word_1_256' title='bbox 998 3315 1174 3376; x_wconf 89' lang='lat' dir='ltr'>intra</span> <span class='ocrx_word' id='word_1_257' title='bbox 1221 3313 1442 3376; x_wconf 89' lang='lat' dir='ltr'>saecla</span> <span class='ocrx_word' id='word_1_258' title='bbox 1483 3311 1636 3376; x_wconf 90' lang='lat' dir='ltr'>XII.</span> <span class='ocrx_word' id='word_1_259' title='bbox 1685 3318 1754 3376; x_wconf 93' lang='lat' dir='ltr'>et</span> <span class='ocrx_word' id='word_1_260' title='bbox 1794 3311 1980 3374; x_wconf 90' lang='lat' dir='ltr'>XIII.</span> <span class='ocrx_word' id='word_1_261' title='bbox 2022 3310 2375 3389; x_wconf 85' lang='lat' dir='ltr'>inchoavit,</span> 
     </span>
     <span class='ocr_line' id='line_1_35' title="bbox 89 3395 2382 3478; baseline -0.001 -18"><span class='ocrx_word' id='word_1_262' title='bbox 89 3398 299 3460; x_wconf 89' lang='lat' dir='ltr'>multo</span> <span class='ocrx_word' id='word_1_263' title='bbox 348 3398 556 3461; x_wconf 89' lang='lat' dir='ltr'>serius</span> <span class='ocrx_word' id='word_1_264' title='bbox 601 3397 688 3460; x_wconf 88' lang='lat' dir='ltr'>ad</span> <span class='ocrx_word' id='word_1_265' title='bbox 735 3397 1098 3460; x_wconf 84' lang='lat' dir='ltr'>Germanos</span> <span class='ocrx_word' id='word_1_266' title='bbox 1145 3397 1504 3461; x_wconf 86' lang='lat' dir='ltr'>translatus</span> <span class='ocrx_word' id='word_1_267' title='bbox 1548 3417 1759 3478; x_wconf 89' lang='lat' dir='ltr'>neque</span> <span class='ocrx_word' id='word_1_268' title='bbox 1813 3400 1885 3458; x_wconf 94' lang='lat' dir='ltr'>ut</span> <span class='ocrx_word' id='word_1_269' title='bbox 1926 3395 2187 3458; x_wconf 85' lang='lat' dir='ltr'>videtur</span> <span class='ocrx_word' id='word_1_270' title='bbox 2231 3400 2382 3458; x_wconf 86' lang='lat' dir='ltr'>ante</span> 
     </span>
     <span class='ocr_line' id='line_1_36' title="bbox 91 3480 2383 3560; baseline -0.003 -14"><span class='ocrx_word' id='word_1_271' title='bbox 91 3483 304 3546; x_wconf 89' lang='lat' dir='ltr'>saecli</span> <span class='ocrx_word' id='word_1_272' title='bbox 347 3481 532 3545; x_wconf 87' lang='lat' dir='ltr'>XVI.</span> <span class='ocrx_word' id='word_1_273' title='bbox 577 3482 829 3544; x_wconf 86' lang='lat' dir='ltr'>initium</span> <span class='ocrx_word' id='word_1_274' title='bbox 873 3483 1045 3545; x_wconf 89' lang='lat' dir='ltr'>inter</span> <span class='ocrx_word' id='word_1_275' title='bbox 1091 3487 1494 3545; x_wconf 89' lang='lat' dir='ltr'>mercatores</span> <span class='ocrx_word' id='word_1_276' title='bbox 1529 3480 1918 3545; x_wconf 81' lang='lat' dir='ltr'>Germaniae</span> <span class='ocrx_word' id='word_1_277' title='bbox 1953 3480 2161 3560; x_wconf 88' lang='lat' dir='ltr'>magis</span> <span class='ocrx_word' id='word_1_278' title='bbox 2192 3498 2383 3560; x_wconf 89' lang='lat' dir='ltr'>regu-</span> 
     </span>
     <span class='ocr_line' id='line_1_37' title="bbox 87 3563 2386 3648; baseline -0.001 -18"><span class='ocrx_word' id='word_1_279' title='bbox 87 3568 254 3630; x_wconf 87' lang='lat' dir='ltr'>laris</span> <span class='ocrx_word' id='word_1_280' title='bbox 301 3567 515 3631; x_wconf 87' lang='lat' dir='ltr'>factus</span> <span class='ocrx_word' id='word_1_281' title='bbox 563 3571 684 3645; x_wconf 86' lang='lat' dir='ltr'>est,</span> <span class='ocrx_word' id='word_1_282' title='bbox 731 3567 1146 3629; x_wconf 84' lang='lat' dir='ltr'>nihilominus</span> <span class='ocrx_word' id='word_1_283' title='bbox 1182 3566 1323 3648; x_wconf 91' lang='lat' dir='ltr'>jam</span> <span class='ocrx_word' id='word_1_284' title='bbox 1365 3567 1540 3644; x_wconf 83' lang='lat' dir='ltr'>intra</span> <span class='ocrx_word' id='word_1_285' title='bbox 1572 3565 1773 3629; x_wconf 86' lang='lat' dir='ltr'>saecli</span> <span class='ocrx_word' id='word_1_286' title='bbox 1804 3563 2021 3627; x_wconf 92' lang='lat' dir='ltr'>XVII.</span> <span class='ocrx_word' id='word_1_287' title='bbox 2071 3564 2285 3646; x_wconf 89' lang='lat' dir='ltr'>spatia</span> <span class='ocrx_word' id='word_1_288' title='bbox 2318 3567 2386 3627; x_wconf 82' lang='lat' dir='ltr'>et</span> 
     </span>
     <span class='ocr_line' id='line_1_38' title="bbox 88 3647 2384 3734; baseline 0 -18"><span class='ocrx_word' id='word_1_289' title='bbox 88 3653 358 3734; x_wconf 86' lang='lat' dir='ltr'>legibus</span> <span class='ocrx_word' id='word_1_290' title='bbox 432 3657 500 3714; x_wconf 90' lang='lat' dir='ltr'>et</span> <span class='ocrx_word' id='word_1_291' title='bbox 568 3650 820 3714; x_wconf 84' lang='lat' dir='ltr'>litteris&#39;</span> <span class='ocrx_word' id='word_1_292' title='bbox 883 3651 1277 3714; x_wconf 87' lang='lat' dir='ltr'>cambiorum</span> <span class='ocrx_word' id='word_1_293' title='bbox 1319 3649 1623 3714; x_wconf 87' lang='lat' dir='ltr'>instituta</span> <span class='ocrx_word' id='word_1_294' title='bbox 1674 3649 1868 3713; x_wconf 89' lang='lat' dir='ltr'>valde</span> <span class='ocrx_word' id='word_1_295' title='bbox 1922 3650 1989 3712; x_wconf 91' lang='lat' dir='ltr'>in</span> <span class='ocrx_word' id='word_1_296' title='bbox 2036 3647 2384 3716; x_wconf 76' lang='lat' dir='ltr'>Germania</span> 
     </span>
     <span class='ocr_line' id='line_1_39' title="bbox 90 3737 575 3801; baseline -0.008 -1"><span class='ocrx_word' id='word_1_297' title='bbox 90 3737 364 3801; x_wconf 88' lang='lat' dir='ltr'>exculta</span> <span class='ocrx_word' id='word_1_298' title='bbox 409 3742 575 3798; x_wconf 86' lang='lat' dir='ltr'>sunt.</span> 
     </span>
    </p>
   </div>
   <div class='ocr_carea' id='block_1_3' title="bbox 105 3895 322 3902">
    <p class='ocr_par' dir='ltr' id='par_1_4' title="bbox 105 3895 322 3902">
     <span class='ocr_line' id='line_1_40' title="bbox 105 3895 322 3902; baseline 0 1090"><span class='ocrx_word' id='word_1_299' title='bbox 105 3895 322 3902; x_wconf 95' lang='lat' dir='ltr'> </span> 
     </span>
    </p>
   </div>
   <div class='ocr_carea' id='block_1_4' title="bbox 323 3894 522 3902">
    <p class='ocr_par' dir='ltr' id='par_1_5' title="bbox 323 3894 522 3902">
     <span class='ocr_line' id='line_1_41' title="bbox 323 3894 522 3902; baseline -0.005 -1"><span class='ocrx_word' id='word_1_300' title='bbox 323 3894 522 3902; x_wconf 42' lang='lat' dir='ltr'>-..m—m</span> 
     </span>
    </p>
   </div>
   <div class='ocr_carea' id='block_1_5' title="bbox 84 3954 2389 4519">
    <p class='ocr_par' dir='ltr' id='par_1_6' title="bbox 84 3954 2389 4519">
     <span class='ocr_line' id='line_1_42' title="bbox 309 3954 2386 4025; baseline 0.003 -20"><span class='ocrx_word' id='word_1_301' title='bbox 309 3954 356 4022; x_wconf 79' lang='lat'>⁶)</span> <span class='ocrx_word' id='word_1_302' title='bbox 431 3957 606 4018; x_wconf 81' lang='lat' dir='ltr'>Quare</span> <span class='ocrx_word' id='word_1_303' title='bbox 661 3975 792 4022; x_wconf 82' lang='lat' dir='ltr'>quae</span> <span class='ocrx_word' id='word_1_304' title='bbox 849 3962 912 4010; x_wconf 88' lang='lat' dir='ltr'>de</span> <span class='ocrx_word' id='word_1_305' title='bbox 952 3961 1270 4010; x_wconf 83' lang='lat' dir='ltr'>cambiorum</span> <span class='ocrx_word' id='word_1_306' title='bbox 1326 3963 1381 4010; x_wconf 88' lang='lat' dir='ltr'>in</span> <span class='ocrx_word' id='word_1_307' title='bbox 1419 3959 1704 4010; x_wconf 82' lang='lat' dir='ltr'>Germania</span> <span class='ocrx_word' id='word_1_308' title='bbox 1741 3961 1943 4024; x_wconf 77' lang='lat' dir='ltr'>origine</span> <span class='ocrx_word' id='word_1_309' title='bbox 1980 3968 2134 4025; x_wconf 81' lang='lat' dir='ltr'>atque</span> <span class='ocrx_word' id='word_1_310' title='bbox 2169 3977 2265 4011; x_wconf 82' lang='lat' dir='ltr'>usu</span> <span class='ocrx_word' id='word_1_311' title='bbox 2309 3965 2386 4012; x_wconf 85' lang='lat' dir='ltr'>in-</span> 
     </span>
     <span class='ocr_line' id='line_1_43' title="bbox 89 4029 2388 4096; baseline 0.002 -20"><span class='ocrx_word' id='word_1_312' title='bbox 89 4035 176 4078; x_wconf 83' lang='lat' dir='ltr'>tra</span> <span class='ocrx_word' id='word_1_313' title='bbox 203 4031 383 4077; x_wconf 81' lang='lat' dir='ltr'>saecla</span> <span class='ocrx_word' id='word_1_314' title='bbox 405 4029 522 4077; x_wconf 87' lang='lat' dir='ltr'>XV.</span> <span class='ocrx_word' id='word_1_315' title='bbox 547 4039 597 4080; x_wconf 84' lang='lat' dir='ltr'>et</span> <span class='ocrx_word' id='word_1_316' title='bbox 614 4031 762 4080; x_wconf 84' lang='lat' dir='ltr'>XVI.</span> <span class='ocrx_word' id='word_1_317' title='bbox 785 4058 846 4068; x_wconf 95' lang='lat'>—</span> <span class='ocrx_word' id='word_1_318' title='bbox 873 4033 1064 4081; x_wconf 87' lang='lat' dir='ltr'>etenim</span> <span class='ocrx_word' id='word_1_319' title='bbox 1081 4032 1221 4095; x_wconf 85' lang='lat' dir='ltr'>prius</span> <span class='ocrx_word' id='word_1_320' title='bbox 1242 4033 1516 4081; x_wconf 76' lang='lat' dir='ltr'>cambialia</span> <span class='ocrx_word' id='word_1_321' title='bbox 1536 4033 1609 4083; x_wconf 88' lang='lat' dir='ltr'>ibi</span> <span class='ocrx_word' id='word_1_322' title='bbox 1649 4033 1865 4094; x_wconf 74' lang='lat' dir='ltr'>vestigia</span> <span class='ocrx_word' id='word_1_323' title='bbox 1906 4034 2158 4096; x_wconf 79' lang='lat' dir='ltr'>indagare</span> <span class='ocrx_word' id='word_1_324' title='bbox 2194 4034 2388 4082; x_wconf 74' lang='lat' dir='ltr'>frustra</span> 
     </span>
     <span class='ocr_line' id='line_1_44' title="bbox 88 4099 2384 4170; baseline 0.003 -22"><span class='ocrx_word' id='word_1_325' title='bbox 88 4099 330 4149; x_wconf 82' lang='lat' dir='ltr'>studebis</span> <span class='ocrx_word' id='word_1_326' title='bbox 366 4126 438 4136; x_wconf 96' lang='lat'><strong>—</strong></span> <span class='ocrx_word' id='word_1_327' title='bbox 477 4101 682 4150; x_wconf 80' lang='lat' dir='ltr'>detecta</span> <span class='ocrx_word' id='word_1_328' title='bbox 718 4108 854 4164; x_wconf 81' lang='lat' dir='ltr'>suat,</span> <span class='ocrx_word' id='word_1_329' title='bbox 892 4102 980 4151; x_wconf 89' lang='lat' dir='ltr'>hic</span> <span class='ocrx_word' id='word_1_330' title='bbox 1016 4103 1427 4166; x_wconf 77' lang='lat' dir='ltr'>praetermittam</span> <span class='ocrx_word' id='word_1_331' title='bbox 1466 4103 1673 4165; x_wconf 79' lang='lat' dir='ltr'>alioque</span> <span class='ocrx_word' id='word_1_332' title='bbox 1725 4102 1843 4152; x_wconf 85' lang='lat' dir='ltr'>loco</span> <span class='ocrx_word' id='word_1_333' title='bbox 1881 4103 2173 4167; x_wconf 82' lang='lat' dir='ltr'>publicab0.</span> <span class='ocrx_word' id='word_1_334' title='bbox 2251 4105 2384 4170; x_wconf 67' lang='lat' dir='ltr'>Vide</span> 
     </span>
     <span class='ocr_line' id='line_1_45' title="bbox 90 4171 2386 4238; baseline 0.003 -20"><span class='ocrx_word' id='word_1_335' title='bbox 90 4171 410 4231; x_wconf 86' lang='lat' dir='ltr'>Bienerum,</span> <span class='ocrx_word' id='word_1_336' title='bbox 507 4172 1037 4222; x_wconf 77' lang='lat' dir='ltr'>Wechselrechtliche</span> <span class='ocrx_word' id='word_1_337' title='bbox 1095 4172 1515 4234; x_wconf 77' lang='lat' dir='ltr'>Abhandlungen</span> <span class='ocrx_word' id='word_1_338' title='bbox 1580 4171 1765 4237; x_wconf 81' lang='lat'>(1859)</span> <span class='ocrx_word' id='word_1_339' title='bbox 1830 4189 1946 4236; x_wconf 83' lang='lat' dir='ltr'>pag.</span> <span class='ocrx_word' id='word_1_340' title='bbox 2004 4175 2113 4228; x_wconf 77' lang='lat'>‘290</span> <span class='ocrx_word' id='word_1_341' title='bbox 2168 4190 2277 4238; x_wconf 83' lang='lat' dir='ltr'>squ.</span> <span class='ocrx_word' id='word_1_342' title='bbox 2316 4200 2386 4211; x_wconf 85' lang='lat'>-—</span> 
     </span>
     <span class='ocr_line' id='line_1_46' title="bbox 85 4241 2387 4311; baseline 0.002 -21"><span class='ocrx_word' id='word_1_343' title='bbox 85 4241 334 4302; x_wconf 84' lang='lat' dir='ltr'>Fischer,</span> <span class='ocrx_word' id='word_1_344' title='bbox 392 4241 702 4292; x_wconf 84' lang='lat' dir='ltr'>Geschiehte</span> <span class='ocrx_word' id='word_1_345' title='bbox 760 4243 849 4292; x_wconf 83' lang='lat' dir='ltr'>des</span> <span class='ocrx_word' id='word_1_346' title='bbox 909 4243 1190 4292; x_wconf 86' lang='lat' dir='ltr'>deutschen</span> <span class='ocrx_word' id='word_1_347' title='bbox 1229 4244 1466 4293; x_wconf 82' lang='lat' dir='ltr'>Handels</span> <span class='ocrx_word' id='word_1_348' title='bbox 1524 4244 1592 4311; x_wconf 88' lang='lat'>(4</span> <span class='ocrx_word' id='word_1_349' title='bbox 1629 4243 1757 4295; x_wconf 74' lang='lat' dir='ltr'>Bde.</span> <span class='ocrx_word' id='word_1_350' title='bbox 1802 4244 1935 4299; x_wconf 84' lang='lat'>1785</span> <span class='ocrx_word' id='word_1_351' title='bbox 1976 4244 2136 4309; x_wconf 59' lang='grc' dir='ltr'>ειμι).</span> <span class='ocrx_word' id='word_1_352' title='bbox 2208 4246 2387 4306; x_wconf 79' lang='lat' dir='ltr'>Falke,</span> 
     </span>
     <span class='ocr_line' id='line_1_47' title="bbox 87 4312 2389 4380; baseline 0.002 -18"><span class='ocrx_word' id='word_1_353' title='bbox 87 4312 416 4362; x_wconf 84' lang='lat' dir='ltr'>Gesehichte</span> <span class='ocrx_word' id='word_1_354' title='bbox 453 4313 544 4362; x_wconf 82' lang='lat' dir='ltr'>des</span> <span class='ocrx_word' id='word_1_355' title='bbox 583 4314 864 4365; x_wconf 81' lang='lat' dir='ltr'>deutschen</span> <span class='ocrx_word' id='word_1_356' title='bbox 897 4315 1127 4364; x_wconf 72' lang='lat' dir='ltr'>Handels</span> <span class='ocrx_word' id='word_1_357' title='bbox 1165 4314 1218 4378; x_wconf 77' lang='lat'>(2</span> <span class='ocrx_word' id='word_1_358' title='bbox 1245 4314 1372 4367; x_wconf 84' lang='lat' dir='ltr'>Bde.</span> <span class='ocrx_word' id='word_1_359' title='bbox 1415 4314 1553 4368; x_wconf 83' lang='lat'>1859</span> <span class='ocrx_word' id='word_1_360' title='bbox 1594 4315 1729 4377; x_wconf 83' lang='lat' dir='ltr'>squ.)</span> <span class='ocrx_word' id='word_1_361' title='bbox 1768 4322 1820 4363; x_wconf 86' lang='lat' dir='ltr'>et</span> <span class='ocrx_word' id='word_1_362' title='bbox 1851 4317 2046 4377; x_wconf 84' lang='lat' dir='ltr'>Arenz,</span> <span class='ocrx_word' id='word_1_363' title='bbox 2118 4317 2389 4380; x_wconf 79' lang='lat' dir='ltr'>Ursprung</span> 
     </span>
     <span class='ocr_line' id='line_1_48' title="bbox 88 4383 2387 4450; baseline 0.003 -19"><span class='ocrx_word' id='word_1_364' title='bbox 88 4383 187 4432; x_wconf 84' lang='lat' dir='ltr'>des</span> <span class='ocrx_word' id='word_1_365' title='bbox 211 4383 490 4433; x_wconf 77' lang='lat' dir='ltr'>Weehsels</span> <span class='ocrx_word' id='word_1_366' title='bbox 529 4383 717 4450; x_wconf 77' lang='lat'>(1855)</span> <span class='ocrx_word' id='word_1_367' title='bbox 747 4386 900 4448; x_wconf 80' lang='lat' dir='ltr'>plura</span> <span class='ocrx_word' id='word_1_368' title='bbox 940 4386 1207 4448; x_wconf 85' lang='lat' dir='ltr'>praebent.</span> <span class='ocrx_word' id='word_1_369' title='bbox 1289 4385 1418 4436; x_wconf 79' lang='lat' dir='ltr'>vide</span> <span class='ocrx_word' id='word_1_370' title='bbox 1455 4386 1543 4448; x_wconf 83' lang='lat' dir='ltr'>qni</span> <span class='ocrx_word' id='word_1_371' title='bbox 1582 4386 1718 4435; x_wconf 80' lang='lat' dir='ltr'>infra</span> <span class='ocrx_word' id='word_1_372' title='bbox 1758 4386 1811 4434; x_wconf 89' lang='lat' dir='ltr'>in</span> <span class='ocrx_word' id='word_1_373' title='bbox 1848 4393 1974 4436; x_wconf 80' lang='lat' dir='ltr'>nota</span> <span class='ocrx_word' id='word_1_374' title='bbox 2013 4388 2081 4442; x_wconf 72' lang='lat'>352</span> <span class='ocrx_word' id='word_1_375' title='bbox 2124 4388 2387 4440; x_wconf 72' lang='lat' dir='ltr'>cambialia</span> 
     </span>
     <span class='ocr_line' id='line_1_49' title="bbox 84 4455 1609 4519; baseline 0.005 -17"><span class='ocrx_word' id='word_1_376' title='bbox 84 4455 359 4504; x_wconf 75' lang='lat' dir='ltr'>historiae</span> <span class='ocrx_word' id='word_1_377' title='bbox 396 4456 677 4519; x_wconf 70' lang='lat' dir='ltr'>scriptores</span> <span class='ocrx_word' id='word_1_378' title='bbox 715 4457 1143 4519; x_wconf 79' lang='lat' dir='ltr'>denominantur,</span> <span class='ocrx_word' id='word_1_379' title='bbox 1183 4457 1338 4508; x_wconf 80' lang='lat' dir='ltr'>etiam</span> <span class='ocrx_word' id='word_1_380' title='bbox 1377 4461 1485 4505; x_wconf 86' lang='lat' dir='ltr'>not.</span> <span class='ocrx_word' id='word_1_381' title='bbox 1529 4456 1609 4510; x_wconf 81' lang='lat'>17.</span> 
     </span>
    </p>
   </div>
  </div>
 </body>
</html>
