2950 4992
1511 460 1933 521 *34-

591 630 664 673 es
732 610 1076 692 geschieht
1129 611 1357 692 jeweil
1415 612 1814 676 vermittelst
1880 611 2232 674 derselben
2295 609 2440 675 eine
2488 612 2863 692 Cession,

587 695 723 757 und
788 695 953 758 wird
1018 694 1294 759 alsdann
1361 697 1482 761 der
1548 697 1849 779 adjectus
1920 700 2313 777 procurator
2354 696 2423 758 in
2463 716 2603 761 rem
2648 717 2863 777 suam;

578 780 891 861 jeweilen
955 781 1300 861 geschieht
1369 783 1538 845 auch
1612 781 1901 844 dadurch
1977 781 2121 843 eine
2192 779 2725 862 Delegation‚
2792 782 2862 862 jc

586 865 906 928 nachdem
979 864 1083 927 die
1153 864 1516 930 Umstande
1586 867 1703 929 des
1778 864 2251 928 verbandelten
2294 864 2649 929 Geschafts
2726 867 2862 928 der-

588 948 892 1030 gleichen
934 948 1102 1012 nach
1149 950 1288 1012 sich
1333 952 1585 1014 ffihren.
1674 950 1848 1012 Vide
1878 949 2250 1030 Marquard,
2300 951 2382 1012 de
2404 950 2558 1032 jure
2590 956 2859 1014 mercat.

586 1033 699 1095 lib.
743 1033 828 1096 H.
878 1053 934 1095 c.
983 1034 1081 1096 15.
1139 1055 1306 1098 num.
1367 1038 1577 1098 6—8.
1670 1071 1751 1079 -—
1841 1033 1983 1108 Quo
2052 1033 2691 1098 indossamentorum
2735 1037 2861 1097 isto

589 1117 811 1180 saeclo
877 1137 998 1180 usu
1071 1123 1140 1181 et
1205 1120 1509 1183 doctrina
1572 1125 1767 1201 atque
1832 1118 2295 1200 terminologia
2346 1117 2861 1202 percognitis⁷¹)

589 1200 783 1264 facile
851 1203 1189 1266 concedis:
1257 1206 1324 1267 in
1367 1204 1887 1285 Hamburgensis
1944 1203 2117 1284 juris
2188 1203 2468 1266 articulo
2514 1205 2858 1268 undecimo

593 1287 674 1349 de
717 1286 1223 1350 indossamentis
1279 1290 1617 1370 utriusque
1676 1289 1938 1369 generis
1985 1307 2349 1350 sermonem
2396 1307 2543 1351 esse
2593 1295 2661 1351 et
2706 1295 2857 1351 tunc

589 1370 659 1431 in
721 1390 844 1433 usu
907 1370 1111 1434 fuisse
1155 1373 1521 1454 Hamburgi
1588 1378 1657 1436 et
1697 1373 2256 1435 indossamentum
2330 1373 2627 1454 simplex,
2690 1371 2861 1454 quod

591 1460 1084 1536 procuratorem
1125 1458 1194 1519 in
1235 1478 1372 1519 rem
1416 1457 1710 1536 alienam,
1754 1462 1821 1519 et
1862 1476 2105 1536 verum,
2156 1456 2332 1537 quod
2365 1463 2859 1539 procuratorem

589 1540 658 1600 in
699 1558 838 1601 rem
883 1559 1063 1602 suam
1108 1561 1224 1605 seu
1266 1561 1489 1604 verum
1535 1536 1939 1604 creditorem
1983 1541 2365 1604 cambialem
2410 1543 2758 1607 creaverit.
2779 1539 2857 1623 ⁷²)

805 1836 879 1908 ⁷²)
960 1841 1034 1894 cf.
1079 1837 1238 1914 Vogt
1301 1836 1422 1909 (ed.
1490 1835 1731 1894 Fritsch
1806 1839 1973 1903 1670)
2031 1855 2084 1908 p.
2137 1839 2254 1890 106.
2336 1830 2657 1908 Heydiger
2710 1836 2750 1891 1.
2812 1852 2857 1888 c.

598 1911 878 1969 Ceterum
917 1912 1080 1988 Vogt
1137 1916 1174 1970 l.
1220 1934 1269 1970 c.
1324 1933 1377 1988 p.
1422 1917 1511 1970 72.
1568 1912 1777 1982 (etiam
1820 1912 1959 1980 218)
2022 1910 2252 1967 cambia
2317 1908 2540 1968 hodie
2606 1908 2859 1983 ubique

595 1987 820 2058 usitata
875 1988 1071 2064 inquit
1111 1997 1172 2044 et
1223 2018 1294 2027 —
1358 2005 1452 2028 -·
1492 1989 1639 2045 adeo
1698 1986 2072 2060 reipublicae·
2152 1985 2501 2042 necessaria
2574 1994 2640 2042 et
2696 1983 2861 2039 utilia

597 2083 756 2134 esse,
816 2073 884 2120 ut
943 2065 997 2120 si
1055 2063 1285 2120 cambia
1324 2073 1659 2134 cessarent,
1720 2062 1919 2120 omnia
1973 2080 2164 2136 paene
2222 2070 2605 2118 mercaturae
2671 2059 2859 2117 officia

595 2138 1035 2212 dissiparentur
1075 2159 1143 2196 ac
1185 2140 1657 2196 destruerentur.

806 2212 880 2286 72)
965 2214 1056 2270 De
1082 2233 1196 2289 qua
1219 2234 1283 2270 re
1309 2218 1558 2271 multum
1582 2214 1977 2286 disceptatum
2000 2221 2113 2268 est.
2158 2211 2205 2265 A
2249 2230 2383 2267 mea
2414 2209 2721 2266 sententia
2749 2218 2860 2264 stat

591 2293 716 2362 jam
741 2289 1117 2360 GmHmann,
1160 2293 1279 2361 „de
1311 2291 1589 2348 cessione
1632 2286 2372 2345 litterarumcambialium:
2424 2305 2564 2342 vom
2596 2292 2861 2340 'rt-ans·

595 2375 772 2433 port
792 2367 898 2420 der
920 2362 1446 2421 Vl⁷echselbriefe“
1468 2361 1696 2434 (Giess.
1734 2363 1907 2428 1711).
1942 2383 1988 2418 c.
2017 2360 2082 2416 ll.
2108 2359 2159 2430 §-
2206 2368 2249 2430 1,
2278 2360 2377 2434 qui
2403 2361 2474 2416 ad
2506 2361 2858 2433 probandum

593 2449 810 2504 ,statue
853 2438 1068 2503 Hamb.
1131 2439 1310 2512 etiam
1351 2440 1541 2513 partis
1593 2437 1636 2493 l.
1697 2438 1786 2494 tit.
1859 2441 1919 2494 12
1978 2435 2029 2506 S.
2074 2439 2109 2492 4
2164 2435 2433 2492 adhiberi
2474 2437 2696 2492 debere
2742 2435 2858 2490 sine

588 2520 763 2593 justa
812 2534 1026 2571 caussa
1069 2514 1344 2588 opinatus
1387 2524 1499 2570 est.
1536 2513 1763 2570 Nostra
1804 2532 1949 2570 vero
1990 2520 2188 2584 aetate
2230 2511 2545 2580 GoetziuS,
2583 2515 2857 2584 jurecon-

603 2594 797 2652 sultus
811 2590 1153 2663 Lipsiensis
1179 2588 1397 2659 (Ersch
1421 2591 1540 2645 und
1556 2589 1813 2660 Gruber,
1836 2587 2280 2660 Encyclopiidie
2305 2586 2412 2642 sub
2426 2607 2575 2643 voce
2599 2581 2858 2656 ‚‚Giro“)

597 2667 721 2721 ista
749 2665 1050 2722 sentcntia
1074 2668 1304 2737 rejecta
1331 2663 1817 2738 Hamburgensia
1843 2672 2069 2720 statuta
2097 2663 2167 2716 de
2199 2660 2674 2718 indossamentis
2704 2659 2857 2734 quid-

641 2761 774 2797 uam
826 2741 1219 2798 constituisse
1269 2741 1532 2816 negavit.
1612 2741 1887 2812 Longum
1940 2747 2035 2794 est
2085 2736 2194 2791 hoc
2245 2739 2375 2792 loco
2420 2735 2757 2792 accuratius
2796 2734 2859 2788 de

601 2761 712 2872 zac
761 2835 828 2871 re
880 2817 1204 2887 disputare.
1289 2814 1449 2872 Sane
1500 2834 1646 2871 ⁴vero
1690 2813 1803 2871 hoc
1859 2822 1954 2868 est
1995 2811 2245 2885 primum
2284 2811 2859 2869 indossamentorum

595 2892 760 2968 quod
801 2891 1106 2947 invenitur
1148 2893 1507 2964 exemplum,
1552 2890 1705 2966 quod
1762 2889 1997 2964 quidem
2046 2886 2227 2942 etiam
2274 2887 2335 2940 in
2391 2895 2565 2941 textu
2608 2885 2855 2943 Hollan-

606 2967 738 3024 dico
765 2966 1224 3039 Antverpiensis
1263 2965 1716 3022 constitutionis
1745 2964 1924 3020 facile
1950 2961 2245 3018 invenies.
2295 2991 2360 3000 —
2443 2960 2565 3017 Per
2609 2960 2855 3018 Galliam

602 3043 1054 3100 indossamenta
1097 3041 1282 3096 saecli
1321 3037 1519 3095 XVll.
1562 3039 1735 3096 initio
1778 3038 1957 3094 etiam
1997 3037 2056 3091 in
2099 3056 2211 3092 usu
2252 3036 2499 3092 fuerunt
2527 3049 2589 3092 et
2630 3057 2704 3093 ea
2742 3033 2857 3111 qui-

606 3118 740 3171 dem
800 3136 834 3171 a
886 3114 1199 3171 Richelieu
1245 3113 1548 3171 Cardinali
1606 3114 1949 3170 introducta
2012 3131 2149 3168 esse
2217 3111 2532 3169 contendit
2600 3111 2861 3169 Boucher

608 3187 887 3262 (Papiers
949 3191 1021 3244 de
1082 3185 1274 3244 credit
1314 3198 1427 3244 etc.
1471 3188 1665 3245 Paris.
1719 3193 1871 3245 1808.
1916 3192 1949 3242 2
1992 3185 2165 3257 tom)
2208 3184 2249 3241 Ι.
2294 3207 2348 3259 p.
2398 3189 2525 3242 169.
2570 3185 2743 3260 chap.
2785 3186 2859 3240 29.

607 3284 736 3320 cum
779 3263 947 3318 illum
990 3263 1390 3332 Cardinalem,
1486 3265 1545 3319 ui
1596 3263 1809 3319 abhinc
1860 3281 2014 3318 anno
2069 3265 2205 3318 1624
2257 3261 2419 3316 inter
2478 3261 2649 3334 regis
2702 3258 2859 3316 mini-

607 3349 769 3396 stros
825 3358 1086 3395 summos
1135 3339 1271 3409 suit,
1326 3357 1458 3393 cam*
1494 3339 1687 3396 iorum
1730 3348 1794 3394 et
1832 3337 2415 3395 indossamentorum
2468 3357 2645 3393 usum
2688 3334 2860 3409 magis

599 3415 665 3469 in
710 3414 970 3488 negotiis
1016 3413 1265 3487 publicis
1309 3413 1654 3470 adhibuisse
1695 3413 1919 3469 rectius
1972 3412 2200 3468 dixeris
2298 3411 2589 3484 Fremery
2636 3408 2859 3480 (estudes

608 3509 663 3562 p.
717 3493 868 3559 127),
912 3488 1260 3549 Trenchant
1299 3489 1390 3545 in:
1435 3489 1707 3545 discours
1750 3490 1821 3543 de
1864 3487 2092 3560 change
2145 3491 2282 3542 1557
2326 3497 2389 3544 et
2426 3483 2743 3543 Mare'chal
2782 3486 2857 3540 in:

600 3559 792 3622 'traite
831 3566 935 3620 des
967 3565 1228 3636 changes
1265 3567 1403 3620 1625
1429 3584 1565 3620 ann.
1599 3563 1749 3619 nihil
1776 3565 1847 3619 de
1873 3562 2345 3618 indossamentis
2375 3563 2709 3634 protulisse
2735 3577 2859 3617 nar-

607 3650 723 3709 rat,
768 3659 897 3695 cum
941 3639 1176 3696 Cleirac
1216 3640 1372 3695 circa
1414 3659 1551 3696 ann.
1605 3643 1741 3695 1650
1784 3656 1987 3693 eorum
2030 3656 2203 3693 usum
2238 3641 2361 3709 jam
2392 3639 2707 3709 vulgarem
2740 3652 2859 3690 esse

600 3715 846 3780 dixerit.
889 3744 959 3753 —
1041 3714 1160 3774 Per
1197 3713 1452 3784 ltaliam,
1500 3713 1641 3773 licet
1676 3719 1799 3786 jam
1840 3712 1901 3768 in
1946 3715 2079 3786 lege
2118 3711 2515 3784 Neapolitana
2558 3713 2705 3768 anni
2742 3711 2857 3766 1607

608 3794 680 3848 de
722 3791 1176 3848 indossamento
1201 3790 1281 3845 sit
1323 3808 1541 3858 sermo,
1584 3789 1645 3845 in
1686 3809 1803 3862 qua
1843 3787 2077 3870 quidem
2103 3789 2282 3861 vulgo
2328 3787 2433 3841 sed
2474 3795 2542 3841 ut
2585 3797 2731 3859 puto
2759 3801 2860 3840 non

606 3876 773 3923 recte
796 3867 1041 3938 primum
1070 3866 1654 3925 indossamentorum
1681 3883 1825 3921 usus
1855 3865 2267 3919 documentum
2296 3861 2779 3934 recognoscitur,
2812 3866 2862 3913 et

611 3962 784 4017 quam
827 3943 977 4014 apud
1017 3939 1290 3996 Martens
1343 3941 1410 4002 (l.
1455 3958 1503 3994 c·
1542 3939 1604 3994 in
1648 3939 1895 4012 append.
1938 3957 1991 4010 p.
2038 3935 2136 4005 77)
2187 3936 2483 4005 invenies,
2538 3940 2732 3994 niulto
2778 3953 2858 3990 se-

607 4017 734 4075 rius
803 4036 974 4091 quam
1041 4035 1147 4088 per
1210 4015 1470 4072 Galliam
1523 4023 1585 4070 et
1626 4012 2005 4070 Germaniam
2075 4011 2668 4067 indossamentorum
2732 4027 2859 4065 usus

611 4091 939 4149 coniniunis
999 4093 1194 4147 factus
1256 4100 1394 4160 est„
1435 4109 1567 4144 cum
1632 4089 1803 4144 multi
1846 4085 2233 4160 magistratus
2292 4085 2625 4160 insignium
2670 4084 2860 4141 ltaliae

608 4168 1181 4239 rerumpublicarum
1220 4165 1806 4223 indossamentorum
1846 4180 2018 4218 usum
2074 4159 2415 4216 interdictis
2482 4161 2729 4234 saepius
2768 4179 2860 4214 ve-

611 4251 826 4296 tarent.
911 4243 984 4298 cf.
1057 4240 1277 4296 Biener
1343 4239 1873 4306 (Wechselrechtl.
1943 4235 2091 4291 Abh.
2152 4233 2321 4302 1859)
2388 4233 2479 4304 §§.
2562 4241 2643 4292 13.
2698 4242 2777 4292 Η.
2814 4253 2859 4308 p-

621 4321 712 4388 121
767 4335 894 4390 squ.
942 4317 1100 4372 (ἔδει
1142 4317 1180 4369 l.
1225 4334 1274 4372 c.
1358 4314 1637 4373 Ceterum
1681 4313 1901 4370 Biener
1939 4311 1999 4366 in
2042 4311 2222 4365 terris
2267 4311 2651 4368 Germanicis
2693 4310 2861 4384 prima

609 4389 1196 4449 indossamentorum
1239 4388 1503 4464 vestigia
1542 4397 1707 4444 certa
1756 4407 1878 4446 non
1918 4394 2056 4457 ante
2099 4385 2531 4443 Amstelodami
2576 4385 2859 4443 constitu-

609 4466 836 4528 tionem
897 4465 1038 4530 anni
1108 4468 1238 4520 1651
1291 4467 1348 4522 d.
1389 4467 1479 4520 24.
1524 4464 1654 4519 Jan.
1699 4463 1924 4519 mensis
1981 4470 2091 4520 ειη,
2135 4463 2186 4514 4.
2246 4461 2489 4532 probari
2550 4459 2861 4522 contendit,
