2950 4992
995 435 1417 498 ...ης-Ἃ

60 606 307 670 genses
350 581 538 669 leges
583 609 820 672 magna
861 609 944 654 ex
985 596 1175 672 parte
1217 591 1422 654 verbo
1475 593 1669 651 tenus
1724 601 1805 651 ex
1846 586 2009 672 ipsis
2050 588 2343 676 Belgicis

48 673 230 754 juris
275 673 610 736 cambialis
655 673 964 754 fontibus,
1011 675 1387 738 nominatim
1431 693 1515 736 ex
1536 673 2001 739 constitutione
2048 677 2131 741 de
2178 699 2343 743 cam-

63 759 193 821 biis
205 755 708 840 Antwerpiensi‚
739 760 820 826 de
833 780 960 841 qua
983 779 1182 842 supra
1192 759 1334 842 jam
1358 759 1736 838 dictumest,
1765 757 2149 844 desumptae
2172 770 2340 826 sunt.

280 840 460 917 Quae
515 843 774 924 quidem
825 844 1012 926 leges
1066 844 1430 925 Hamburgi
1488 841 1839 906 cambiales
1893 852 2148 926 partem
2194 867 2342 910 con·

61 927 294 990 ficiunt
332 927 600 1009 majoris
648 929 868 1010 operis
897 929 1306 1011 legislatorii,
1347 928 1416 991 in
1445 946 1575 1008 quo
1613 932 1821 991 totum
1838 928 1952 1010 jus
1982 929 2345 1014 Hamburgi

63 1019 138 1075 et
180 1012 518 1076 materiale
587 1019 654 1076 et
718 1013 990 1078 formale
1036 1019 1410 1077 contentum
1467 1017 1571 1076 est
1620 1018 1690 1075 et
1732 1013 1907 1092 quod
1952 1015 2070 1078 sub
2116 1016 2343 1080 titulo:

62 1097 275 1177 „Der
341 1095 580 1161 Stadt
634 1097 1044 1180 Hamburg
1099 1096 1434 1162 Statuta
1498 1097 1655 1160 und
1728 1095 2343 1163 Gerichts-Ord-

61 1181 328 1262 nung“
384 1182 575 1245 annis
640 1184 805 1246 1603
851 1189 919 1246 et
965 1183 1127 1246 1605
1185 1181 1681 1265 promulgatum,
1760 1181 1976 1264 vulgo,
2034 1184 2155 1246 sed
2211 1205 2345 1248 non

59 1284 340 1348 prorsus
384 1271 566 1329 recte
611 1267 732 1330 sub
776 1287 948 1331 anno
997 1268 1161 1330 1603
1207 1267 1395 1330 citari
1439 1265 1630 1328 solet.
1722 1263 1920 1348 Cujus
1953 1268 2173 1350 operis
2202 1288 2347 1352 par-

58 1353 154 1414 tis
202 1369 436 1432 nempe
478 1350 563 1413 H.
610 1351 838 1414 titulus
883 1352 1199 1435 septimus
1245 1351 1643 1414 cambiorum
1674 1350 1812 1432 juri
1861 1355 2042 1414 totus
2090 1353 2347 1418 dedica·

59 1444 174 1500 tus
205 1439 312 1498 est
354 1440 423 1498 et
461 1435 703 1517 primas
749 1437 1008 1500 omnino
1055 1455 1222 1518 quae
1244 1436 1332 1498 -in
1379 1435 1729 1499 Germania
1769 1442 1999 1500 nostra
2054 1437 2136 1501 de
2181 1458 2347 1502 cam-

59 1521 193 1583 biis
238 1519 426 1600 leges
472 1526 624 1584 sunt
664 1522 1134 1603 promulgatae,
1180 1521 1248 1582 in
1295 1539 1367 1583 se
1412 1519 1724 1584 continet.

288 1603 462 1668 Sane
506 1605 738 1687 negari
782 1625 915 1669 non
957 1610 1201 1689 potest,
1247 1605 1433 1667 initio
1482 1604 1684 1668 saecli
1724 1602 1942 1668 XVII.
1990 1605 2151 1669 alias
2186 1605 2346 1670 Ger·

61 1689 322 1752 maniae
387 1690 585 1752 urbes
651 1691 861 1772 magis
935 1709 1124 1772 quam
1165 1689 1615 1770 Hamburgum
1683 1689 2089 1752 commerciis
2135 1691 2347 1754 excel-

59 1774 290 1836 luisse.
379 1772 549 1837 Dico
621 1775 1033 1857 potissimum
1102 1773 1606 1837 Francofurtum
1650 1772 1735 1836 ad
1790 1772 2117 1854 Moenam,
2194 1775 2346 1840 dico

59 1858 586 1939 Norimbergam.
673 1858 902 1941 Neque
947 1879 1080 1922 non
1137 1865 1242 1922 est
1281 1857 1655 1938 verisimile,
1698 1855 1844 1920 istis
1890 1859 2160 1922 urbibus
2214 1860 2346 1923 isto

50 1946 198 2026 jam
272 1947 568 2024 tempore
643 1963 1063 2027 permagnum
1119 1943 1515 2007 cambiorum
1568 1961 1750 2005 usum
1804 1942 2158 2023 exstitisse,
2220 1944 2347 2007 for-

63 2041 248 2092 tasse
293 2027 418 2111 maj
428 2046 606 2092 orem
652 2049 842 2110 quam
887 2029 995 2111 qui
1016 2028 1382 2110 Hamburgi
1420 2033 1578 2090 tunc
1610 2027 1944 2090 existeret.
1960 2024 2047 2110 ²¹)
2094 2027 2228 2092 Sed
2256 2029 2348 2092 ibi

63 2133 202 2176 non
255 2111 368 2174 illa
429 2131 572 2174 cum
615 2112 906 2195 Belgicis
953 2119 1138 2177 arcta
1181 2111 1579 2195 conjunctiO,
1628 2131 1794 2192 quae
1837 2111 2347 2194 Hamburgensi-

62 2201 192 2260 bus
239 2196 684 2278 contingebat,
751 2198 1213 2262 intercedebat
1276 2216 1491 2277 neque
1557 2195 1668 2259 alii
1732 2195 2068 2278 peregrini
2136 2203 2344 2277 erant,

67 2305 108 2346 a
157 2280 390 2362 quibus
440 2281 783 2346 cambialia
836 2284 993 2365 jura
1058 2282 1288 2345 melius
1355 2281 1756 2363 acciperent,
1813 2299 2027 2362 neque
2072 2282 2348 2365 propria

53 2368 234 2450 juris
282 2365 615 2429 cambialis
686 2368 978 2449 cognitio
1045 2373 1230 2430 tanto
1296 2366 1365 2429 in
1419 2366 1652 2447 vigore
1708 2364 1913 2428 fuisse
1955 2365 2232 2446 videtur,
2280 2372 2353 2428 ut

69 2454 214 2516 sine
260 2450 759 2533 peregrinorum
802 2452 1044 2516 auxilio
1091 2458 1160 2515 et
1200 2451 1482 2534 impulsu
1524 2451 1705 2532 ipsas
1738 2450 1820 2513 de
1854 2451 2122 2514 cambiis
2157 2451 2347 2533 leges

64 2539 340 2600 ferrent.
468 2535 698 2616 Itaque
765 2535 961 2601 facile
1029 2536 1468 2600 confitendum
1521 2540 1641 2616 est,
1709 2554 1843 2597 non
1905 2540 2040 2599 tam
2105 2537 2347 2618 magni-

67 2621 284 2684 tudini
372 2625 441 2682 et
507 2620 884 2702 opulentiae
949 2619 1473 2702 Hamburgensis
1542 2616 1913 2683 commercii
1978 2625 2047 2683 et
2090 2620 2351 2702 quidem

70 2703 432 2784 cambialis,
493 2723 682 2787 quam
736 2706 1052 2789 Belgicae
1107 2705 1218 2768 isti
1271 2703 1684 2788 potissimum
1738 2703 2183 2784 conjunctioni
2238 2705 2350 2767 tri·

65 2789 402 2852 buendum
445 2807 613 2870 esse,
662 2792 839 2871 quod
879 2791 1419 2871 Hamburgcnses
1463 2787 1707 2868 primas
1756 2806 1893 2868 ,per
1940 2786 2351 2852 Germaniam

71 2877 156 2938 de
203 2873 472 2936 cambiis
515 2873 702 2956 leges
749 2878 1122 2939 sanxerunt.
1213 2871 1396 2948 Quae
1444 2891 1591 2934 cum
1630 2871 1728 2935 ita
1770 2871 1918 2951 sint,
1968 2879 2230 2936 ceterae
2265 2873 2349 2936 de

73 2959 346 3022 cambiis
396 2956 825 3024 Germanicae
867 2959 1054 3041 leges
1101 2977 1325 3022 omnes
1392 2961 1552 3039 post
1576 2953 2145 3038 Hamburgensem
2210 2977 2351 3021 san-

73 3045 360 3106 ctionem
399 3043 771 3124 publicatae
819 3049 986 3124 sunt,
1011 3043 1569 3124 Norimbergense
1614 3041 1871 3104 scilicet
1914 3047 1983 3104 et
2003 3042 2352 3125 Lipsiense

71 3125 427 3190 nundinale
494 3128 887 3210 rescriptum
953 3148 1123 3192 anno
1197 3129 1390 3206 1621,
1464 3125 1698 3190 eodem
1762 3145 1933 3189 anno
1979 3127 2352 3192 Nol-imber-

71 3212 300 3295 gensis
347 3211 429 3274 de
477 3213 745 3276 cambiis
792 3213 1138 3292 ordinatio,
1203 3213 1366 3276 1635
1423 3209 1795 3274 nundinalis
1854 3211 2183 3277 ordinatio
2226 3212 2353 3275 Bo-

72 3296 241 3375 ceni,
295 3297 456 3359 1648
505 3296 801 3378 ejusdem
843 3299 1022 3361 urbis
1088 3295 1442 3360 nundinale
1488 3294 1918 3378 privilegium,
1972 3299 2137 3361 1654
2180 3315 2356 3360 nova

65 3381 648 3462 Norimbergensis
697 3382 778 3445 de
823 3382 1050 3445 baucis
1098 3387 1166 3445 et
1211 3381 1481 3444 cambiis
1528 3379 1873 3459 ordinati0,
1938 3384 2103 3445 1660
2145 3381 2353 3464 Lipsi-

70 3485 235 3530 ense
280 3465 630 3529 nundinale
679 3467 1090 3548 rescriptum,
1157 3467 1320 3528 1662
1379 3464 1713 3528 cambialis
1772 3464 2100 3530 ordinatio
2145 3465 2355 3529 Lube-

71 3550 314 3628 censis,
367 3550 530 3612 1663
574 3569 748 3613 nova
788 3550 1039 3614 Boceni
1087 3549 1412 3613 ordinatio
1460 3548 1543 3611 de
1588 3547 1891 3611 nundinis
1940 3555 2009 3613 et
2062 3550 2352 3627 cambiis,

75 3636 244 3700 1665
292 3633 620 3697 ordinatio
671 3635 1004 3699 cambialis
1027 3637 1371 3716 Augustae
1399 3631 1915 3712 Vindelicorum,
1970 3636 2152 3715 1620,
2192 3633 2357 3696 1635

73 3727 146 3784 et
193 3720 358 3781 1666
405 3718 485 3781 de
535 3719 803 3784 cambiis
849 3720 1352 3784 constitutiones
1396 3715 1989 3782 Francofurtenses
2038 3726 2163 3782 etc.

291 4069 365 4130 ²¹)
438 4075 658 4125 Medio
714 4084 854 4128 certe
902 4075 1111 4139 quidem
1160 4073 1334 4125 xvn.
1387 4075 1563 4124 saeclo
1614 4073 1755 4124 istud
1798 4071 2199 4123 Francofurtum
2246 4071 2359 4122 sine

73 4145 188 4192 ulla
229 4145 552 4196 dubitatione
588 4147 888 4212 principalis
925 4145 1238 4198 Germaniae
1284 4145 1446 4194 totius
1494 4146 1641 4195 locun
1679 4143 1947 4196 cambialis
1983 4141 2101 4196 fnit.
2174 4142 2360 4192 Testes

73 4214 242 4265 affero
297 4217 437 4266 solos
472 4217 770 4268 Iohannem
827 4219 1114 4268 Martinam
1160 4216 1408 4281 Vogtium
1446 4217 1659 4282 ejusque
1714 4229 1907 4265 novum
1943 4213 2215 4276 editorem,
2270 4215 2360 4277 qui

70 4288 178 4334 isto
216 4293 452 4351 tempore
491 4289 555 4337 de
594 4289 810 4339 cambiis
849 4289 1166 4354 scripserint,
1204 4300 1374 4349 neque
1410 4286 1639 4337 dubitari
1674 4292 1861 4351 potest,
1900 4285 2022 4347 quin
2064 4285 2176 4349 jam
2205 4285 2359 4334 initio

71 4357 216 4404 illius
251 4358 414 4407 saecli
446 4359 783 4410 Franeoturti
829 4359 1212 4426 negotiationes
1259 4356 1541 4408 cambium
1583 4359 1758 4422 plures
1808 4365 1861 4406 et
1896 4356 2123 4421 maJoree
2169 4355 2363 4405 fuerint

73 4428 234 4474 ubam
272 4427 580 4494 Hamburgi.
681 4431 815 4482 vide
854 4430 1105 4494 Vogtium
1143 4425 1208 4480 de
1246 4428 1463 4478 cambiis
1500 4427 1647 4495 (edit.
1685 4427 1961 4482 Fritsehid.
2004 4425 2165 4491 1670)
2200 4441 2251 4490 p.
2272 4425 2360 4481 3¹2.
