2950 4992
59 586 339 654 fortasse
405 583 998 669 splendidissimum
1043 589 1246 651 fuisse
1289 586 1551 648 videtur
1600 591 1734 647 tum
1786 589 2061 666 propter
2103 580 2326 664 ingen·

58 683 190 738 tem
231 672 640 754 negotiorum
680 671 1171 752 multitudinem,
1218 679 1352 735 tum
1393 676 1670 753 propter
1710 669 2127 752 pecuniarum
2158 683 2325 748 quae

56 759 208 822 inde
251 757 336 821 ad
378 757 592 838 pretia
637 756 914 820 diversis
959 757 1266 838 Europae
1321 757 1390 817 in
1443 755 1639 818 terris
1696 753 1951 818 facilius
2008 752 2327 816 solvenda

56 843 154 906 ibi
222 842 432 906 factae
507 846 659 904 sunt
719 841 1030 923 plurimas
1089 841 1456 923 emptiones
1514 847 1581 904 et
1643 836 2075 902 venditiones,
2166 836 2324 900 Cum

57 947 218 990 vero
278 925 504 1007 Bruga
564 925 816 989 Italicis
873 927 1344 990 mercatoribus
1401 923 1977 1007 campsoribusque
2052 921 2336 984 maxime·

58 1011 406 1093 conjuncta
448 1016 518 1074 et
559 1011 902 1074 notissima
935 1017 1131 1092 esset,
1179 1010 1529 1074 verisimile
1575 1015 1679 1073 est
1722 1029 1805 1072 ex
1832 1015 2147 1089 tempore,
2198 1025 2325 1086 quo

57 1096 449 1159 cambiorum
489 1115 646 1158 usus
689 1095 758 1158 in
800 1095 1095 1178 vigorem
1137 1095 1410 1173 venerit,
1459 1095 1565 1174 hic
1608 1095 2027 1177 pecuniarum
2061 1090 2327 1154 solutio-

55 1201 178 1244 nes
223 1179 696 1243 cambiorum
755 1181 997 1244 auxilio
1052 1180 1386 1262 perfectas
1445 1199 1595 1243 esse
1646 1180 1928 1260 indeque
1984 1174 2327 1240 cambialia

54 1265 322 1346 negotia
367 1264 563 1327 etiam
601 1264 1044 1329 Hanseaticos
1086 1267 1258 1328 inter
1300 1270 1722 1343 mercatoreS,
1770 1263 1879 1346 qui
1920 1260 2011 1324 ibi
2052 1279 2329 1324 commo·

51 1350 186 1413 rati
227 1355 390 1428 sunt,
435 1347 504 1410 in
545 1369 730 1412 usum
769 1351 1051 1414 venisse.
1119 1350 1197 1412 Id
1223 1350 1398 1430 quod
1433 1369 1515 1412 eo
1544 1348 1753 1430 magis
1782 1346 2175 1412 credendum
2204 1349 2327 1426 est,

55 1454 189 1515 quo
231 1432 616 1496 Hanseatici
659 1439 730 1498 et
767 1434 836 1496 in
881 1435 1102 1516 specie
1131 1435 1669 1516 Hamburgenses
1713 1433 1858 1496 aliis
1904 1430 2161 1495 scilicet
2198 1428 2328 1491 Ro-

57 1517 266 1581 manis
311 1537 454 1581 cum
500 1517 892 1598 civitatibus,
939 1519 1050 1582 ubi
1095 1519 1492 1582 cambiorum
1524 1519 1681 1601 jura
1709 1518 1853 1581 istis
1899 1515 2324 1597 temporibus,

53 1601 260 1665 multo
303 1602 484 1684 prius
529 1622 718 1683 quam
761 1604 828 1665 in
861 1603 1228 1683 Germania,
1277 1622 1579 1666 crescere
1610 1603 2029 1684 incipiebant,
2079 1619 2169 1662 sc.
2202 1598 2328 1660 Ita-

53 1688 188 1750 liae
214 1693 280 1749 et
301 1686 742 1750 meridionalis
769 1687 1024 1752 Galliae
1053 1689 1122 1751 in
1155 1686 1543 1752 commercio
1574 1706 1707 1749 non
1729 1689 2009 1751 fuerunt.
2054 1685 2146 1747 At
2166 1699 2327 1744 vero
2364 1683 2367 1688 ’

57 1772 334 1834 fontium
377 1771 488 1852 qui
530 1791 736 1852 usque
781 1773 868 1836 ad
911 1774 1037 1837 hoc
1081 1779 1336 1856 tempus
1381 1773 1597 1854 aperti
1643 1777 1793 1834 sunt
1817 1768 2093 1854 penuria
2137 1767 2331 1830 etiam

53 1857 164 1920 hic
208 1857 448 1934 obstat,
493 1875 576 1918 ne
623 1858 788 1919 certi
833 1857 988 1939 quid
1032 1857 1432 1922 contendere
1476 1856 1695 1920 liceat.
1778 1855 2021 1920 Notum
2058 1857 2331 1916 tantum-

51 1940 254 2004 modo
299 1945 419 2020 est,
465 1959 636 2003 anno
685 1942 849 2005 1315
916 1942 1164 2006 ducem·
1187 1942 1587 2006 Brabantiae
1624 1939 2047 2006 Hanseaticis
2089 1956 2333 2000 merca·

58 2025 320 2088 toribus
366 2024 474 2106 qui
513 2025 938 2108 Antwerpiae
981 2027 1368 2090 habitabant
1419 2026 1857 2090 concessisse:
1927 2023 2143 2105 „quod
2184 2041 2335 2103 pos·

53 2117 214 2172 sunt
257 2109 539 2173 cambire
605 2115 674 2172 et
733 2112 984 2175 cambia
1043 2113 1262 2176 facere
1318 2132 1461 2174 cum
1508 2111 1995 2190 quibuscunque
2052 2113 2121 2171 et
2164 2105 2333 2170 solu·

50 2196 274 2258 tiones
337 2194 558 2280 facere
619 2213 700 2256 ac
760 2196 1058 2278 recipcre
1123 2217 1286 2259 unus
1332 2215 1474 2258 cum
1518 2196 1684 2273 aliia
1754 2215 1897 2259 cum
1939 2192 2179 2255 litteris
2222 2189 2332 2253 vel

55 2279 205 2342 sine
248 2278 505 2358 litteris,
553 2285 752 2359 prout
793 2281 920 2344 sibi
962 2282 1170 2344 visum
1212 2280 1412 2343 fuerit
1439 2280 1753 2361 expedire
1773 2281 1829 2341 :⁶⁶
1876 2297 2040 2360 quae
2072 2275 2333 2356 quidem

51 2363 264 2426 verba
306 2363 504 2426 variis
547 2363 758 2426 modis
802 2366 1224 2446 interpretari
1267 2366 1444 2428 licet.
1463 2362 1541 2446 ¹⁹)

272 2446 691 2529 Quantopere
735 2470 894 2513 vero
943 2451 1416 2531 antiquioribus
1451 2450 1594 2532 jam
1646 2447 2051 2530 temporibus
2083 2445 2168 2510 ad
2198 2445 2332 2506 imi-

49 2532 294 2594 tandas
337 2531 690 2612 Belgarum
753 2535 1198 2598 institutiones
1245 2534 1733 2598 commerciales
1800 2550 1878 2596 ac
1922 2531 2332 2614 potissimum

51 2616 148 2679 ad
180 2615 354 2696 juris
397 2616 698 2680 instituta
741 2619 1118 2700 adoptanda
1145 2619 1533 2683 Hanseatici
1597 2618 1841 2682 fuerint
1883 2616 2198 2699 propensi
2242 2619 2333 2676 at-

49 2719 186 2782 que
232 2701 535 2782 prompti,
579 2701 732 2766 inde
776 2704 920 2767 luce
967 2704 1204 2768 clarius
1265 2710 1561 2785 apparet,
1610 2703 1786 2784 quod
1818 2701 1991 2783 juris
2034 2698 2335 2764 maritimi

51 2785 438 2849 sanctiones
483 2807 650 2866 quae
695 2807 735 2850 a
761 2788 990 2869 Belgis
1030 2788 1204 2851 intra
1248 2787 1531 2851 saeclum
1576 2787 1761 2850 XIII.
1805 2792 1879 2848 ut
1904 2785 2164 2848 videtur
2202 2783 2334 2846 fac·

47 2877 168 2934 tae
215 2869 492 2950 fuerant,
538 2870 680 2934 fere
717 2874 922 2936 verbo
959 2878 1148 2936 tenus
1192 2873 1260 2934 in
1302 2872 1546 2954 liguam
1574 2869 1967 2947 saxonicam,
2016 2889 2181 2951 quae
2213 2869 2338 2930 fuit

52 2954 362 3018 omnibus
401 2953 470 3016 in
511 2955 706 3018 terris
749 2963 901 3020 tunc
946 2958 1262 3040 temporis
1304 2959 1476 3020 inter
1506 2956 1773 3020 Hansae
1819 2953 2081 3018 sodales
2110 2954 2336 3034 lingua

49 3038 351 3119 vulgaris
395 3043 590 3119 atque
637 3041 1124 3123 commercialis,
1171 3041 1531 3106 translatae
1564 3042 1683 3104 sub
1713 3039 1971 3102 nomine
2006 3040 2178 3123 juris
2208 3057 2337 3100 ma-

49 3123 259 3186 ritimi
330 3122 742 3188 Visbicensis
811 3126 1257 3208 (Waterrecht
1300 3127 1414 3189 tho
1461 3124 1719 3208 Wisby)
1786 3122 2334 3190 Hanseaticorum

53 3226 470 3374 ⁰⁰mm¹mfig¹
511 3208 580 3271 in
625 3229 808 3273 usum
864 3210 1007 3274 sola
1067 3211 1539 3275 consuetudine
1586 3217 1655 3274 et
1698 3211 2121 3274 observantia
2163 3214 2335 3271 tran-

52 3293 338 3356 sierunt.

421 3474 516 3482 *—

43 3591 160 3640 suis
197 3589 498 3640 adhibebat.
570 3591 944 3658 Warnkoenig,
980 3593 1288 3644 flandrische
1323 3590 1693 3656 Rechtsgesch.
1732 3592 1777 3639 1.
1816 3606 1864 3654 p.
1902 3592 2008 3645 328
2044 3605 2155 3653 equ.
2194 3595 2245 3637 et
2282 3587 2337 3634 in

45 3660 752 3795 append3⁹}l'P1-iviiegium
797 3733 936 3781 istud
982 3733 1416 3783 Hanoeatssomm
1474 3732 1705 3780 invenies
1749 3730 1885 3793 apud
1930 3729 2339 3791 Marquardium,

42 3803 258 3863 dejure
296 3809 646 3852 mercatorum
685 3802 872 3868 (1662)
908 3819 956 3867 p.
997 3804 1102 3856 289
1123 3818 1233 3866 squ.
1312 3805 1379 3856 cf.
1418 3803 1575 3852 etiam
1626 3801 1861 3850 Holtium
1898 3799 2337 3864 (Abhandlnngen

47 3872 435 3922 civiustischen
487 3874 592 3922 und
637 3873 1178 3924 handelsrechtlichen
1215 3875 1432 3934 Inhalts,
1469 3888 1535 3922 ex
1573 3871 1889 3920 Hollandiae
1926 3872 2105 3933 lingua
2140 3883 2338 3934 germa-

43 3945 177 3991 nice
217 3945 504 3994 translatae
541 3959 574 3994 a
616 3944 713 4000 Dr.
751 3943 926 3998 Suu-o.
1001 3945 1116 3994 Utr.
1159 3945 1318 4010 1852)
1358 3960 1406 4007 p.
1450 3945 1551 3997 176
1590 3950 1640 3992 et
1678 3944 1799 4003 213,
1848 3941 1937 4003 qui
1972 3941 2339 3990 modernorum

41 4015 117 4062 de
147 4014 474 4063 cambiornm
503 4029 596 4064 usu
618 4019 674 4065 in
701 4016 801 4064 hoc
826 4014 1098 4079 privilegio
1123 4031 1230 4064 non
1258 4031 1368 4066 esse
1397 4029 1690 4063 sermonem
1716 4014 1866 4063 dicit:
1902 4011 1956 4060 id
1991 4011 2130 4074 quod
2176 4009 2239 4063 G.
2277 4010 2335 4058 F.

43 4087 118 4134 de
156 4084 401 4134 Max-tene
439 4086 732 4150 (Ui-sprung
753 4087 846 4136 des
870 4085 1286 4136 Wechselrechts
1319 4103 1368 4150 p.
1399 4087 1465 4138 63
1494 4087 1599 4134 etin
1628 4099 1741 4148 app.
1768 4100 1817 4147 p.
1846 4081 1956 4146 94.)
1996 4082 2335 4131 contenderat

43 4167 232 4218 nequo
272 4156 465 4206 Bienor
503 4156 1052 4222 (Wechselrechtlicho
1079 4157 1496 4220 Abhandlungen
1532 4171 1582 4219 p.
1610 4156 1699 4216 57,
1725 4153 1817 4218 58)
1848 4167 2059 4218 prorem
2094 4153 2336 4216 negabat.

279 4222 355 4287 2⁰)
427 4228 522 4278 Eat
559 4229 772 4290 quidem
817 4228 948 4277 nllud
984 4229 1072 4292 jus
1131 4229 1444 4278 maritimum
1496 4227 1831 4286 Visbicense,
1877 4226 2019 4286 quod
2066 4238 2225 4286 usque
2274 4225 2340 4273 nd

37 4298 436 4347 Pardessianas
475 4298 852 4362 disputationes
889 4313 984 4361 pro
1018 4313 1164 4348 mero
1204 4300 1337 4362 juria
1384 4298 1630 4347 maritimi
1670 4295 1866 4358 antiqui
1903 4293 2093 4346 Gallici
2142 4303 2193 4345 et
2227 4293 2342 4344 Bei-

35 4369 154 4432 gici
177 4369 334 4418 fonte
351 4369 448 4432 ipsi
479 4380 532 4418 et
551 4369 748 4436 Belgae
781 4369 928 4418 multi
949 4366 1258 4430 habuerant,
1287 4369 1416 4419 nihil
1439 4369 1582 4418 alind
1610 4381 1765 4429 quam
1799 4367 2096 4432 compilatio
2130 4381 2195 4417 ex
2224 4369 2343 4414 arti-

38 4439 182 4487 culi·
215 4439 357 4502 juris
389 4440 653 4490 Flandrici
690 4447 741 4491 et
776 4440 1074 4490 Hollandici
1121 4441 1296 4504 paucis
1345 4439 1733 4492 Lubeconsibus
1778 4439 2227 4489 constitutionibus
2276 4438 2341 4487 de
