<?xml version="1.0" encoding="UTF-8"?>
<!DOCTYPE html PUBLIC "-//W3C//DTD XHTML 1.0 Transitional//EN"
    "http://www.w3.org/TR/xhtml1/DTD/xhtml1-transitional.dtd">
<html xmlns="http://www.w3.org/1999/xhtml" xml:lang="en" lang="en">
 <head>
  <title>
</title>
<meta http-equiv="Content-Type" content="text/html;charset=utf-8" />
  <meta name='ocr-system' content='tesseract 3.04.00' />
  <meta name='ocr-capabilities' content='ocr_page ocr_carea ocr_par ocr_line ocrx_word'/>
</head>
<body>
  <div class='ocr_page' id='page_1' title='image "./decambiisstatut00stacgoog_0039.png"; bbox 0 0 2950 4992; ppageno 0'>
   <div class='ocr_carea' id='block_1_1' title="bbox 1061 432 1486 493">
    <p class='ocr_par' dir='ltr' id='par_1_1' title="bbox 1061 432 1486 493">
     <span class='ocr_line' id='line_1_1' title="bbox 1061 432 1486 493; baseline 0.005 -17"><span class='ocrx_word' id='word_1_1' title='bbox 1061 432 1486 493; x_wconf 57' lang='lat'><strong>-31--</strong></span> 
     </span>
    </p>
   </div>
   <div class='ocr_carea' id='block_1_2' title="bbox 23 583 2431 3468">
    <p class='ocr_par' dir='ltr' id='par_1_2' title="bbox 23 583 2405 2025">
     <span class='ocr_line' id='line_1_2' title="bbox 129 583 2405 664; baseline 0.001 -19"><span class='ocrx_word' id='word_1_2' title='bbox 129 603 277 645; x_wconf 89' lang='lat' dir='ltr'><strong>cum</strong></span> <span class='ocrx_word' id='word_1_3' title='bbox 322 583 404 646; x_wconf 93' lang='lat' dir='ltr'><strong>de</strong></span> <span class='ocrx_word' id='word_1_4' title='bbox 451 584 848 646; x_wconf 84' lang='lat' dir='ltr'><strong>cambiorum</strong></span> <span class='ocrx_word' id='word_1_5' title='bbox 889 586 1164 647; x_wconf 85' lang='lat' dir='ltr'><strong>materia</strong></span> <span class='ocrx_word' id='word_1_6' title='bbox 1205 584 1270 646; x_wconf 90' lang='lat' dir='ltr'><strong>in</strong></span> <span class='ocrx_word' id='word_1_7' title='bbox 1303 584 1458 664; x_wconf 85' lang='lat' dir='ltr'><strong>jure</strong></span> <span class='ocrx_word' id='word_1_8' title='bbox 1518 585 1837 646; x_wconf 91' lang='lat' dir='ltr'><strong>communi</strong></span> <span class='ocrx_word' id='word_1_9' title='bbox 1882 584 2213 648; x_wconf 84' lang='lat' dir='ltr'><strong>Caesareo</strong></span> <span class='ocrx_word' id='word_1_10' title='bbox 2258 587 2299 648; x_wconf 91' lang='lat' dir='ltr'><strong>i.</strong></span> <span class='ocrx_word' id='word_1_11' title='bbox 2348 606 2405 648; x_wconf 89' lang='lat' dir='ltr'><strong>e.</strong></span> 
     </span>
     <span class='ocr_line' id='line_1_3' title="bbox 123 665 2404 749; baseline 0.001 -19"><span class='ocrx_word' id='word_1_12' title='bbox 123 665 430 731; x_wconf 85' lang='lat' dir='ltr'><strong>Romano</strong></span> <span class='ocrx_word' id='word_1_13' title='bbox 473 668 634 730; x_wconf 87' lang='lat' dir='ltr'><strong>nihil</strong></span> <span class='ocrx_word' id='word_1_14' title='bbox 679 669 1028 749; x_wconf 85' lang='lat' dir='ltr'>quidquam</span> <span class='ocrx_word' id='word_1_15' title='bbox 1070 669 1380 731; x_wconf 86' lang='lat' dir='ltr'><strong>traditum</strong></span> <span class='ocrx_word' id='word_1_16' title='bbox 1447 669 1537 731; x_wconf 88' lang='lat' dir='ltr'><strong>sit</strong></span> <span class='ocrx_word' id='word_1_17' title='bbox 1597 687 1811 748; x_wconf 88' lang='lat' dir='ltr'><strong>neque</strong></span> <span class='ocrx_word' id='word_1_18' title='bbox 1867 668 2207 732; x_wconf 86' lang='lat' dir='ltr'><strong>uniformis</strong></span> <span class='ocrx_word' id='word_1_19' title='bbox 2256 689 2404 733; x_wconf 89' lang='lat' dir='ltr'><strong>con·</strong></span> 
     </span>
     <span class='ocr_line' id='line_1_4' title="bbox 127 753 2401 834; baseline 0.001 -19"><span class='ocrx_word' id='word_1_20' title='bbox 127 753 416 816; x_wconf 90' lang='lat' dir='ltr'><strong>suetudo</strong></span> <span class='ocrx_word' id='word_1_21' title='bbox 459 759 658 834; x_wconf 87' lang='lat' dir='ltr'><strong>atque</strong></span> <span class='ocrx_word' id='word_1_22' title='bbox 703 755 1127 818; x_wconf 86' lang='lat' dir='ltr'><strong>observantia</strong></span> <span class='ocrx_word' id='word_1_23' title='bbox 1172 754 1252 816; x_wconf 93' lang='lat' dir='ltr'><strong>de</strong></span> <span class='ocrx_word' id='word_1_24' title='bbox 1308 753 1464 834; x_wconf 87' lang='lat' dir='ltr'><strong>jure</strong></span> <span class='ocrx_word' id='word_1_25' title='bbox 1532 753 1833 826; x_wconf 81' lang='lat' dir='ltr'><strong>cambiali</strong></span> <span class='ocrx_word' id='word_1_26' title='bbox 1900 755 2235 818; x_wconf 77' lang='lat' dir='ltr'><strong>existeret.</strong></span> <span class='ocrx_word' id='word_1_27' title='bbox 2323 755 2401 818; x_wconf 88' lang='lat' dir='ltr'><strong>In</strong></span> 
     </span>
     <span class='ocr_line' id='line_1_5' title="bbox 23 837 2401 920; baseline 0.001 -21"><span class='ocrx_word' id='word_1_28' title='bbox 23 909 36 916; x_wconf 48' lang='grc'>,</span> <span class='ocrx_word' id='word_1_29' title='bbox 123 837 552 901; x_wconf 88' lang='lat' dir='ltr'><strong>reformando</strong></span> <span class='ocrx_word' id='word_1_30' title='bbox 617 839 818 920; x_wconf 89' lang='lat' dir='ltr'><strong>igitur</strong></span> <span class='ocrx_word' id='word_1_31' title='bbox 885 838 1132 902; x_wconf 82' lang='lat' dir='ltr'><strong>Codice</strong></span> <span class='ocrx_word' id='word_1_32' title='bbox 1199 837 1484 918; x_wconf 88' lang='lat' dir='ltr'><strong>quinque</strong></span> <span class='ocrx_word' id='word_1_33' title='bbox 1552 839 1635 901; x_wconf 89' lang='lat' dir='ltr'><strong>de</strong></span> <span class='ocrx_word' id='word_1_34' title='bbox 1699 839 1966 902; x_wconf 89' lang='lat' dir='ltr'><strong>cambiis</strong></span> <span class='ocrx_word' id='word_1_35' title='bbox 2020 839 2279 902; x_wconf 74' lang='lat' dir='ltr'><strong>articuli</strong></span> <span class='ocrx_word' id='word_1_36' title='bbox 2334 841 2401 902; x_wconf 87' lang='lat' dir='ltr'><strong>in</strong></span> 
     </span>
     <span class='ocr_line' id='line_1_6' title="bbox 125 923 2401 1007; baseline 0.001 -23"><span class='ocrx_word' id='word_1_37' title='bbox 125 923 478 985; x_wconf 79' lang='lat' dir='ltr'><strong>duodecim</strong></span> <span class='ocrx_word' id='word_1_38' title='bbox 525 925 932 1004; x_wconf 82' lang='lat' dir='ltr'><strong>crescebant,</strong></span> <span class='ocrx_word' id='word_1_39' title='bbox 981 923 1300 1004; x_wconf 90' lang='lat' dir='ltr'><strong>siquidem</strong></span> <span class='ocrx_word' id='word_1_40' title='bbox 1343 923 1683 1004; x_wconf 81' lang='lat' dir='ltr'><strong>graviores</strong></span> <span class='ocrx_word' id='word_1_41' title='bbox 1730 942 1940 1004; x_wconf 68' lang='lat' dir='ltr'><strong>casim,</strong></span> <span class='ocrx_word' id='word_1_42' title='bbox 1990 925 2101 1004; x_wconf 89' lang='lat' dir='ltr'><strong>qui</strong></span> <span class='ocrx_word' id='word_1_43' title='bbox 2145 923 2401 1007; x_wconf 85' lang='lat' dir='ltr'><strong>dejure</strong></span> 
     </span>
     <span class='ocr_line' id='line_1_7' title="bbox 123 1007 2403 1090; baseline 0.001 -20"><span class='ocrx_word' id='word_1_44' title='bbox 123 1007 434 1070; x_wconf 87' lang='lat' dir='ltr'><strong>cambiali</strong></span> <span class='ocrx_word' id='word_1_45' title='bbox 477 1026 684 1088; x_wconf 90' lang='lat' dir='ltr'><strong>usque</strong></span> <span class='ocrx_word' id='word_1_46' title='bbox 729 1009 814 1071; x_wconf 89' lang='lat' dir='ltr'><strong>ad</strong></span> <span class='ocrx_word' id='word_1_47' title='bbox 857 1009 1017 1072; x_wconf 90' lang='lat' dir='ltr'><strong>illud</strong></span> <span class='ocrx_word' id='word_1_48' title='bbox 1048 1015 1304 1090; x_wconf 91' lang='lat' dir='ltr'><strong>tempus</strong></span> <span class='ocrx_word' id='word_1_49' title='bbox 1326 1007 1693 1089; x_wconf 87' lang='lat' dir='ltr'><strong>Hamburgi</strong></span> <span class='ocrx_word' id='word_1_50' title='bbox 1738 1009 2049 1073; x_wconf 85' lang='lat' dir='ltr'><strong>obvenire</strong></span> <span class='ocrx_word' id='word_1_51' title='bbox 2081 1009 2403 1089; x_wconf 89' lang='lat' dir='ltr'><strong>solebant,</strong></span> 
     </span>
     <span class='ocr_line' id='line_1_8' title="bbox 121 1092 2402 1174; baseline 0.001 -20"><span class='ocrx_word' id='word_1_52' title='bbox 121 1092 299 1174; x_wconf 88' lang='lat' dir='ltr'><strong>legis</strong></span> <span class='ocrx_word' id='word_1_53' title='bbox 364 1092 644 1157; x_wconf 87' lang='lat' dir='ltr'><strong>formula</strong></span> <span class='ocrx_word' id='word_1_54' title='bbox 708 1093 958 1157; x_wconf 88' lang='lat' dir='ltr'><strong>definiti</strong></span> <span class='ocrx_word' id='word_1_55' title='bbox 1024 1100 1222 1174; x_wconf 86' lang='lat' dir='ltr'><strong>atque</strong></span> <span class='ocrx_word' id='word_1_56' title='bbox 1289 1093 1498 1156; x_wconf 83' lang='lat' dir='ltr'><strong>decisi</strong></span> <span class='ocrx_word' id='word_1_57' title='bbox 1568 1098 1737 1157; x_wconf 88' lang='lat' dir='ltr'><strong>sunt.</strong></span> <span class='ocrx_word' id='word_1_58' title='bbox 1822 1093 1901 1156; x_wconf 91' lang='lat' dir='ltr'><strong>In</strong></span> <span class='ocrx_word' id='word_1_59' title='bbox 1955 1112 2087 1173; x_wconf 89' lang='lat' dir='ltr'><strong>qua</strong></span> <span class='ocrx_word' id='word_1_60' title='bbox 2142 1094 2402 1174; x_wconf 89' lang='lat' dir='ltr'><strong>quidem</strong></span> 
     </span>
     <span class='ocr_line' id='line_1_9' title="bbox 109 1177 2401 1260; baseline 0.001 -22"><span class='ocrx_word' id='word_1_61' title='bbox 109 1177 292 1258; x_wconf 89' lang='lat' dir='ltr'><strong>juris</strong></span> <span class='ocrx_word' id='word_1_62' title='bbox 337 1177 674 1241; x_wconf 88' lang='lat' dir='ltr'><strong>cambialis</strong></span> <span class='ocrx_word' id='word_1_63' title='bbox 723 1179 1178 1244; x_wconf 82' lang='lat' dir='ltr'><strong>emendatione</strong></span> <span class='ocrx_word' id='word_1_64' title='bbox 1223 1179 1763 1260; x_wconf 88' lang='lat' dir='ltr'><strong>Hamburgenses</strong></span> <span class='ocrx_word' id='word_1_65' title='bbox 1836 1198 1968 1241; x_wconf 92' lang='lat' dir='ltr'><strong>non</strong></span> <span class='ocrx_word' id='word_1_66' title='bbox 2036 1179 2247 1242; x_wconf 90' lang='lat' dir='ltr'><strong>solum</strong></span> <span class='ocrx_word' id='word_1_67' title='bbox 2290 1199 2401 1260; x_wconf 85' lang='lat' dir='ltr'><strong>pa-</strong></span> 
     </span>
     <span class='ocr_line' id='line_1_10' title="bbox 119 1263 2400 1344; baseline 0.001 -21"><span class='ocrx_word' id='word_1_68' title='bbox 119 1263 293 1324; x_wconf 83' lang='lat' dir='ltr'><strong>triae</strong></span> <span class='ocrx_word' id='word_1_69' title='bbox 359 1281 441 1325; x_wconf 83' lang='lat' dir='ltr'><strong>ex</strong></span> <span class='ocrx_word' id='word_1_70' title='bbox 505 1283 626 1326; x_wconf 88' lang='lat' dir='ltr'><strong>usu</strong></span> <span class='ocrx_word' id='word_1_71' title='bbox 694 1269 762 1326; x_wconf 89' lang='lat' dir='ltr'><strong>et</strong></span> <span class='ocrx_word' id='word_1_72' title='bbox 801 1284 1002 1344; x_wconf 81' lang='lat' dir='ltr'><strong>more,</strong></span> <span class='ocrx_word' id='word_1_73' title='bbox 1071 1264 1191 1328; x_wconf 88' lang='lat' dir='ltr'><strong>sed</strong></span> <span class='ocrx_word' id='word_1_74' title='bbox 1236 1264 1431 1328; x_wconf 86' lang='lat' dir='ltr'><strong>etiam</strong></span> <span class='ocrx_word' id='word_1_75' title='bbox 1489 1283 1571 1326; x_wconf 84' lang='lat' dir='ltr'><strong>ex</strong></span> <span class='ocrx_word' id='word_1_76' title='bbox 1622 1263 1977 1344; x_wconf 83' lang='lat' dir='ltr'><strong>peregrino</strong></span> <span class='ocrx_word' id='word_1_77' title='bbox 2023 1263 2204 1327; x_wconf 88' lang='lat' dir='ltr'><strong>fonte</strong></span> <span class='ocrx_word' id='word_1_78' title='bbox 2250 1263 2400 1327; x_wconf 89' lang='lat' dir='ltr'><strong>hau-</strong></span> 
     </span>
     <span class='ocr_line' id='line_1_11' title="bbox 120 1342 2399 1432; baseline 0 -23"><span class='ocrx_word' id='word_1_79' title='bbox 120 1347 297 1410; x_wconf 88' lang='lat' dir='ltr'><strong>sisse</strong></span> <span class='ocrx_word' id='word_1_80' title='bbox 330 1347 592 1410; x_wconf 89' lang='lat' dir='ltr'><strong>dicendi</strong></span> <span class='ocrx_word' id='word_1_81' title='bbox 622 1354 788 1429; x_wconf 88' lang='lat' dir='ltr'><strong>sunt,</strong></span> <span class='ocrx_word' id='word_1_82' title='bbox 839 1369 982 1412; x_wconf 88' lang='lat' dir='ltr'><strong>cum</strong></span> <span class='ocrx_word' id='word_1_83' title='bbox 1010 1350 1124 1432; x_wconf 90' lang='lat' dir='ltr'><strong>jus</strong></span> <span class='ocrx_word' id='word_1_84' title='bbox 1168 1348 1670 1430; x_wconf 83' lang='lat' dir='ltr'><strong>Antverpiense‚</strong></span> <span class='ocrx_word' id='word_1_85' title='bbox 1720 1347 1896 1427; x_wconf 92' lang='lat' dir='ltr'><strong>quod</strong></span> <span class='ocrx_word' id='word_1_86' title='bbox 1925 1368 2096 1412; x_wconf 87' lang='lat' dir='ltr'><strong>anno</strong></span> <span class='ocrx_word' id='word_1_87' title='bbox 2132 1342 2293 1412; x_wconf 78' lang='lat'>1578</span> <span class='ocrx_word' id='word_1_88' title='bbox 2312 1345 2399 1429; x_wconf 78' lang='lat'><strong>⁶⁵)</strong></span> 
     </span>
     <span class='ocr_line' id='line_1_12' title="bbox 122 1433 2401 1516; baseline 0.001 -22"><span class='ocrx_word' id='word_1_89' title='bbox 122 1433 248 1494; x_wconf 88' lang='lat' dir='ltr'><strong>sub</strong></span> <span class='ocrx_word' id='word_1_90' title='bbox 280 1433 570 1495; x_wconf 89' lang='lat' dir='ltr'><strong>nomine:</strong></span> <span class='ocrx_word' id='word_1_91' title='bbox 619 1433 1017 1514; x_wconf 82' lang='lat' dir='ltr'><strong>„Rechten</strong></span> <span class='ocrx_word' id='word_1_92' title='bbox 1065 1454 1154 1498; x_wconf 94' lang='lat' dir='ltr'><strong>en</strong></span> <span class='ocrx_word' id='word_1_93' title='bbox 1201 1433 1631 1497; x_wconf 80' lang='lat' dir='ltr'><strong>Costumen</strong></span> <span class='ocrx_word' id='word_1_94' title='bbox 1674 1453 1823 1494; x_wconf 85' lang='lat' dir='ltr'><strong>van</strong></span> <span class='ocrx_word' id='word_1_95' title='bbox 1865 1434 2401 1516; x_wconf 82' lang='lat' dir='ltr'><strong>Antwerpen“</strong></span> 
     </span>
     <span class='ocr_line' id='line_1_13' title="bbox 117 1515 2402 1601; baseline 0.001 -23"><span class='ocrx_word' id='word_1_96' title='bbox 117 1517 606 1598; x_wconf 89' lang='lat' dir='ltr'><strong>promulgatum</strong></span> <span class='ocrx_word' id='word_1_97' title='bbox 651 1523 758 1581; x_wconf 89' lang='lat' dir='ltr'><strong>est</strong></span> <span class='ocrx_word' id='word_1_98' title='bbox 799 1524 866 1582; x_wconf 91' lang='lat' dir='ltr'><strong>et</strong></span> <span class='ocrx_word' id='word_1_99' title='bbox 910 1520 992 1582; x_wconf 90' lang='lat' dir='ltr'><strong>de</strong></span> <span class='ocrx_word' id='word_1_100' title='bbox 1039 1536 1168 1599; x_wconf 89' lang='lat' dir='ltr'><strong>quo</strong></span> <span class='ocrx_word' id='word_1_101' title='bbox 1201 1520 1342 1600; x_wconf 90' lang='lat' dir='ltr'><strong>jam</strong></span> <span class='ocrx_word' id='word_1_102' title='bbox 1387 1537 1587 1599; x_wconf 87' lang='lat' dir='ltr'><strong>supra</strong></span> <span class='ocrx_word' id='word_1_103' title='bbox 1631 1515 1685 1601; x_wconf 73' lang='grc' dir='ltr'><strong>Ξ.</strong></span> <span class='ocrx_word' id='word_1_104' title='bbox 1734 1519 1773 1579; x_wconf 85' lang='grc'><strong>3</strong></span> <span class='ocrx_word' id='word_1_105' title='bbox 1814 1537 1977 1599; x_wconf 39' lang='lat' dir='ltr'><strong>paga</strong></span> <span class='ocrx_word' id='word_1_106' title='bbox 2001 1519 2079 1580; x_wconf 90' lang='lat'><strong>21</strong></span> <span class='ocrx_word' id='word_1_107' title='bbox 2126 1539 2167 1582; x_wconf 90' lang='lat' dir='ltr'><strong>a</strong></span> <span class='ocrx_word' id='word_1_108' title='bbox 2210 1519 2402 1581; x_wconf 87' lang='lat' dir='ltr'><strong>nobis</strong></span> 
     </span>
     <span class='ocr_line' id='line_1_14' title="bbox 115 1599 2395 1686; baseline 0.001 -23"><span class='ocrx_word' id='word_1_109' title='bbox 115 1602 404 1665; x_wconf 88' lang='lat' dir='ltr'><strong>relatum</strong></span> <span class='ocrx_word' id='word_1_110' title='bbox 471 1607 592 1681; x_wconf 89' lang='lat' dir='ltr'><strong>est,</strong></span> <span class='ocrx_word' id='word_1_111' title='bbox 662 1603 788 1665; x_wconf 89' lang='lat' dir='ltr'><strong>sibi</strong></span> <span class='ocrx_word' id='word_1_112' title='bbox 828 1604 896 1666; x_wconf 90' lang='lat' dir='ltr'><strong>in</strong></span> <span class='ocrx_word' id='word_1_113' title='bbox 938 1624 1124 1666; x_wconf 89' lang='lat' dir='ltr'><strong>usum</strong></span> <span class='ocrx_word' id='word_1_114' title='bbox 1167 1603 1602 1666; x_wconf 86' lang='lat' dir='ltr'><strong>adhibuerint.</strong></span> <span class='ocrx_word' id='word_1_115' title='bbox 1693 1599 1942 1676; x_wconf 85' lang='lat' dir='ltr'><strong>Quibus</strong></span> <span class='ocrx_word' id='word_1_116' title='bbox 1987 1622 2145 1666; x_wconf 86' lang='lat' dir='ltr'><strong>vero</strong></span> <span class='ocrx_word' id='word_1_117' title='bbox 2190 1604 2395 1686; x_wconf 90' lang='lat' dir='ltr'><strong>potis·</strong></span> 
     </span>
     <span class='ocr_line' id='line_1_15' title="bbox 120 1687 2395 1769; baseline 0.001 -21"><span class='ocrx_word' id='word_1_118' title='bbox 120 1687 356 1748; x_wconf 88' lang='lat' dir='ltr'><strong>simum</strong></span> <span class='ocrx_word' id='word_1_119' title='bbox 401 1687 615 1750; x_wconf 89' lang='lat' dir='ltr'><strong>causis</strong></span> <span class='ocrx_word' id='word_1_120' title='bbox 661 1688 902 1752; x_wconf 87' lang='lat' dir='ltr'><strong>factum</strong></span> <span class='ocrx_word' id='word_1_121' title='bbox 957 1689 1061 1768; x_wconf 87' lang='lat' dir='ltr'><strong>sit,</strong></span> <span class='ocrx_word' id='word_1_122' title='bbox 1121 1694 1192 1750; x_wconf 91' lang='lat' dir='ltr'><strong>ut</strong></span> <span class='ocrx_word' id='word_1_123' title='bbox 1242 1688 1781 1769; x_wconf 87' lang='lat' dir='ltr'><strong>Hamburgenses</strong></span> <span class='ocrx_word' id='word_1_124' title='bbox 1838 1687 2194 1769; x_wconf 86' lang='lat' dir='ltr'><strong>praecipue</strong></span> <span class='ocrx_word' id='word_1_125' title='bbox 2237 1690 2395 1751; x_wconf 83' lang='lat' dir='ltr'><strong>Ant-</strong></span> 
     </span>
     <span class='ocr_line' id='line_1_16' title="bbox 117 1770 2400 1854; baseline 0.001 -20"><span class='ocrx_word' id='word_1_126' title='bbox 117 1770 510 1854; x_wconf 80' lang='lat' dir='ltr'><strong>verpienses</strong></span> <span class='ocrx_word' id='word_1_127' title='bbox 573 1773 806 1836; x_wconf 87' lang='lat' dir='ltr'><strong>imitati</strong></span> <span class='ocrx_word' id='word_1_128' title='bbox 871 1774 1021 1853; x_wconf 89' lang='lat' dir='ltr'><strong>sint,</strong></span> <span class='ocrx_word' id='word_1_129' title='bbox 1089 1773 1366 1836; x_wconf 89' lang='lat' dir='ltr'><strong>historia</strong></span> <span class='ocrx_word' id='word_1_130' title='bbox 1433 1771 1803 1835; x_wconf 88' lang='lat' dir='ltr'><strong>commercii</strong></span> <span class='ocrx_word' id='word_1_131' title='bbox 1857 1771 2162 1853; x_wconf 87' lang='lat' dir='ltr'><strong>jurisque</strong></span> <span class='ocrx_word' id='word_1_132' title='bbox 2206 1773 2400 1837; x_wconf 90' lang='lat' dir='ltr'><strong>Ham-</strong></span> 
     </span>
     <span class='ocr_line' id='line_1_17' title="bbox 115 1856 2401 1942; baseline 0 -23"><span class='ocrx_word' id='word_1_133' title='bbox 115 1856 492 1940; x_wconf 87' lang='lat' dir='ltr'><strong>burgensis‚</strong></span> <span class='ocrx_word' id='word_1_134' title='bbox 540 1875 706 1937; x_wconf 84' lang='lat' dir='ltr'><strong>quae</strong></span> <span class='ocrx_word' id='word_1_135' title='bbox 735 1859 804 1921; x_wconf 90' lang='lat' dir='ltr'><strong>in</strong></span> <span class='ocrx_word' id='word_1_136' title='bbox 849 1857 901 1942; x_wconf 59' lang='lat'><strong>2.</strong></span> <span class='ocrx_word' id='word_1_137' title='bbox 937 1861 976 1922; x_wconf 84' lang='lat'><strong>2</strong></span> <span class='ocrx_word' id='word_1_138' title='bbox 1020 1878 1170 1940; x_wconf 86' lang='lat' dir='ltr'><strong>pag.</strong></span> <span class='ocrx_word' id='word_1_139' title='bbox 1206 1859 1454 1920; x_wconf 80' lang='lat'>8-12,</span> <span class='ocrx_word' id='word_1_140' title='bbox 1502 1856 1749 1920; x_wconf 88' lang='lat' dir='ltr'><strong>tradita</strong></span> <span class='ocrx_word' id='word_1_141' title='bbox 1778 1863 1899 1936; x_wconf 87' lang='lat' dir='ltr'><strong>est,</strong></span> <span class='ocrx_word' id='word_1_142' title='bbox 1950 1859 2110 1920; x_wconf 89' lang='lat' dir='ltr'><strong>satis</strong></span> <span class='ocrx_word' id='word_1_143' title='bbox 2140 1858 2401 1922; x_wconf 86' lang='lat' dir='ltr'><strong>demon-</strong></span> 
     </span>
     <span class='ocr_line' id='line_1_18' title="bbox 118 1941 1977 2025; baseline -0.001 -21"><span class='ocrx_word' id='word_1_144' title='bbox 118 1947 400 2006; x_wconf 87' lang='lat' dir='ltr'><strong>stratum</strong></span> <span class='ocrx_word' id='word_1_145' title='bbox 445 1949 567 2022; x_wconf 86' lang='lat' dir='ltr'><strong>est,</strong></span> <span class='ocrx_word' id='word_1_146' title='bbox 613 1944 707 2006; x_wconf 90' lang='lat' dir='ltr'><strong>ita</strong></span> <span class='ocrx_word' id='word_1_147' title='bbox 748 1949 820 2006; x_wconf 90' lang='lat' dir='ltr'><strong>ut</strong></span> <span class='ocrx_word' id='word_1_148' title='bbox 861 1945 988 2006; x_wconf 90' lang='lat' dir='ltr'><strong>hoc</strong></span> <span class='ocrx_word' id='word_1_149' title='bbox 1025 1941 1180 2007; x_wconf 91' lang='lat' dir='ltr'><strong>loco</strong></span> <span class='ocrx_word' id='word_1_150' title='bbox 1219 1943 1650 2025; x_wconf 89' lang='lat' dir='ltr'><strong>repetendum</strong></span> <span class='ocrx_word' id='word_1_151' title='bbox 1694 1960 1827 2004; x_wconf 87' lang='lat' dir='ltr'><strong>non</strong></span> <span class='ocrx_word' id='word_1_152' title='bbox 1872 1941 1977 2004; x_wconf 91' lang='lat' dir='ltr'><strong>sit.</strong></span> 
     </span>
    </p>

    <p class='ocr_par' dir='ltr' id='par_1_3' title="bbox 115 2025 2431 2619">
     <span class='ocr_line' id='line_1_19' title="bbox 340 2025 2431 2109; baseline -0 -19"><span class='ocrx_word' id='word_1_153' title='bbox 340 2025 410 2090; x_wconf 91' lang='lat' dir='ltr'><strong>Si</strong></span> <span class='ocrx_word' id='word_1_154' title='bbox 452 2047 610 2090; x_wconf 83' lang='lat' dir='ltr'><strong>vero</strong></span> <span class='ocrx_word' id='word_1_155' title='bbox 653 2027 1034 2092; x_wconf 83' lang='lat' dir='ltr'><strong>imitationis</strong></span> <span class='ocrx_word' id='word_1_156' title='bbox 1081 2033 1148 2090; x_wconf 90' lang='lat' dir='ltr'><strong>et</strong></span> <span class='ocrx_word' id='word_1_157' title='bbox 1193 2027 1645 2091; x_wconf 85' lang='lat' dir='ltr'><strong>translationis</strong></span> <span class='ocrx_word' id='word_1_158' title='bbox 1678 2027 1851 2109; x_wconf 86' lang='lat' dir='ltr'><strong>juris</strong></span> <span class='ocrx_word' id='word_1_159' title='bbox 1896 2027 2431 2108; x_wconf 56' lang='lat' dir='ltr'><strong>Antverpiensis⁴</strong></span> 
     </span>
     <span class='ocr_line' id='line_1_20' title="bbox 117 2111 2399 2193; baseline 0 -20"><span class='ocrx_word' id='word_1_160' title='bbox 117 2111 398 2176; x_wconf 85' lang='lat' dir='ltr'><strong>formam</strong></span> <span class='ocrx_word' id='word_1_161' title='bbox 463 2113 852 2193; x_wconf 86' lang='lat' dir='ltr'><strong>quaesieris,</strong></span> <span class='ocrx_word' id='word_1_162' title='bbox 921 2114 1086 2176; x_wconf 88' lang='lat' dir='ltr'><strong>haec</strong></span> <span class='ocrx_word' id='word_1_163' title='bbox 1152 2113 1413 2192; x_wconf 87' lang='lat' dir='ltr'><strong>quidem</strong></span> <span class='ocrx_word' id='word_1_164' title='bbox 1453 2112 1585 2174; x_wconf 91' lang='lat' dir='ltr'><strong>isto</strong></span> <span class='ocrx_word' id='word_1_165' title='bbox 1632 2131 1791 2174; x_wconf 89' lang='lat' dir='ltr'><strong>sane</strong></span> <span class='ocrx_word' id='word_1_166' title='bbox 1834 2111 2029 2174; x_wconf 90' lang='lat' dir='ltr'><strong>modo</strong></span> <span class='ocrx_word' id='word_1_167' title='bbox 2074 2112 2158 2174; x_wconf 89' lang='lat' dir='ltr'><strong>ab</strong></span> <span class='ocrx_word' id='word_1_168' title='bbox 2204 2111 2399 2174; x_wconf 90' lang='lat' dir='ltr'><strong>Ham-</strong></span> 
     </span>
     <span class='ocr_line' id='line_1_21' title="bbox 115 2196 2399 2280; baseline 0 -22"><span class='ocrx_word' id='word_1_169' title='bbox 115 2197 559 2278; x_wconf 86' lang='lat' dir='ltr'><strong>burgensibus</strong></span> <span class='ocrx_word' id='word_1_170' title='bbox 626 2197 1120 2280; x_wconf 87' lang='lat' dir='ltr'><strong>legislatoribus</strong></span> <span class='ocrx_word' id='word_1_171' title='bbox 1188 2203 1460 2280; x_wconf 88' lang='lat' dir='ltr'><strong>peracta</strong></span> <span class='ocrx_word' id='word_1_172' title='bbox 1528 2201 1647 2276; x_wconf 87' lang='lat' dir='ltr'><strong>est,</strong></span> <span class='ocrx_word' id='word_1_173' title='bbox 1714 2201 1788 2258; x_wconf 90' lang='lat' dir='ltr'><strong>ut</strong></span> <span class='ocrx_word' id='word_1_174' title='bbox 1838 2196 2079 2278; x_wconf 86' lang='lat' dir='ltr'><strong>partim</strong></span> <span class='ocrx_word' id='word_1_175' title='bbox 2122 2197 2399 2260; x_wconf 86' lang='lat' dir='ltr'><strong>Antver-</strong></span> 
     </span>
     <span class='ocr_line' id='line_1_22' title="bbox 115 2281 2395 2364; baseline -0 -21"><span class='ocrx_word' id='word_1_176' title='bbox 115 2281 372 2364; x_wconf 89' lang='lat' dir='ltr'><strong>piensis</strong></span> <span class='ocrx_word' id='word_1_177' title='bbox 419 2283 902 2347; x_wconf 88' lang='lat' dir='ltr'><strong>constitutionis</strong></span> <span class='ocrx_word' id='word_1_178' title='bbox 935 2282 1250 2346; x_wconf 86' lang='lat' dir='ltr'><strong>articulos</strong></span> <span class='ocrx_word' id='word_1_179' title='bbox 1295 2283 1501 2345; x_wconf 83' lang='lat' dir='ltr'><strong>verbo</strong></span> <span class='ocrx_word' id='word_1_180' title='bbox 1546 2287 1737 2344; x_wconf 91' lang='lat' dir='ltr'><strong>tenus</strong></span> <span class='ocrx_word' id='word_1_181' title='bbox 1786 2301 1869 2344; x_wconf 83' lang='lat' dir='ltr'><strong>ex</strong></span> <span class='ocrx_word' id='word_1_182' title='bbox 1900 2281 2299 2344; x_wconf 88' lang='lat' dir='ltr'><strong>Hollandina</strong></span> <span class='ocrx_word' id='word_1_183' title='bbox 2324 2281 2395 2342; x_wconf 90' lang='lat' dir='ltr'><strong>in</strong></span> 
     </span>
     <span class='ocr_line' id='line_1_23' title="bbox 118 2365 2395 2451; baseline -0 -22"><span class='ocrx_word' id='word_1_184' title='bbox 118 2367 576 2431; x_wconf 77' lang='lat' dir='ltr'><strong>Germanicam</strong></span> <span class='ocrx_word' id='word_1_185' title='bbox 644 2367 934 2451; x_wconf 89' lang='lat' dir='ltr'><strong>linguam</strong></span> <span class='ocrx_word' id='word_1_186' title='bbox 1000 2369 1360 2432; x_wconf 89' lang='lat' dir='ltr'><strong>translatos</strong></span> <span class='ocrx_word' id='word_1_187' title='bbox 1425 2366 1913 2449; x_wconf 88' lang='lat' dir='ltr'><strong>Hamburgensi</strong></span> <span class='ocrx_word' id='word_1_188' title='bbox 1980 2365 2213 2430; x_wconf 86' lang='lat' dir='ltr'><strong>Codici</strong></span> <span class='ocrx_word' id='word_1_189' title='bbox 2286 2366 2395 2429; x_wconf 90' lang='lat' dir='ltr'><strong>ad-</strong></span> 
     </span>
     <span class='ocr_line' id='line_1_24' title="bbox 117 2451 2397 2538; baseline 0 -24"><span class='ocrx_word' id='word_1_190' title='bbox 117 2452 502 2531; x_wconf 87' lang='lat' dir='ltr'><strong>sciscerent,</strong></span> <span class='ocrx_word' id='word_1_191' title='bbox 569 2452 806 2534; x_wconf 87' lang='lat' dir='ltr'><strong>partim</strong></span> <span class='ocrx_word' id='word_1_192' title='bbox 871 2453 1078 2534; x_wconf 86' lang='lat' dir='ltr'><strong>magis</strong></span> <span class='ocrx_word' id='word_1_193' title='bbox 1143 2454 1356 2517; x_wconf 88' lang='lat' dir='ltr'><strong>libero</strong></span> <span class='ocrx_word' id='word_1_194' title='bbox 1421 2451 1621 2515; x_wconf 88' lang='lat' dir='ltr'><strong>modo</strong></span> <span class='ocrx_word' id='word_1_195' title='bbox 1683 2451 2189 2532; x_wconf 81' lang='lat' dir='ltr'><strong>Antverpiensis</strong></span> <span class='ocrx_word' id='word_1_196' title='bbox 2216 2452 2397 2538; x_wconf 82' lang='lat' dir='ltr'><strong>juris</strong></span> 
     </span>
     <span class='ocr_line' id='line_1_25' title="bbox 116 2535 2217 2619; baseline 0.001 -20"><span class='ocrx_word' id='word_1_197' title='bbox 116 2537 502 2601; x_wconf 88' lang='lat' dir='ltr'><strong>sanctiones</strong></span> <span class='ocrx_word' id='word_1_198' title='bbox 548 2538 978 2602; x_wconf 88' lang='lat' dir='ltr'><strong>imitarentur.</strong></span> <span class='ocrx_word' id='word_1_199' title='bbox 1001 2535 1086 2619; x_wconf 78' lang='lat'><strong>⁶⁸)</strong></span> <span class='ocrx_word' id='word_1_200' title='bbox 2212 2540 2217 2546; x_wconf 84' lang='grc'><strong>’</strong></span> 
     </span>
    </p>

    <p class='ocr_par' dir='ltr' id='par_1_4' title="bbox 111 2619 2397 3214">
     <span class='ocr_line' id='line_1_26' title="bbox 335 2619 2397 2708; baseline -0.001 -24"><span class='ocrx_word' id='word_1_201' title='bbox 335 2619 506 2685; x_wconf 86' lang='lat' dir='ltr'><strong>Sane</strong></span> <span class='ocrx_word' id='word_1_202' title='bbox 572 2622 831 2686; x_wconf 89' lang='lat' dir='ltr'><strong>articuli</strong></span> <span class='ocrx_word' id='word_1_203' title='bbox 895 2625 962 2702; x_wconf 84' lang='lat'><strong>9,</strong></span> <span class='ocrx_word' id='word_1_204' title='bbox 1037 2625 1142 2703; x_wconf 86' lang='lat'><strong>10,</strong></span> <span class='ocrx_word' id='word_1_205' title='bbox 1217 2623 1292 2684; x_wconf 92' lang='lat'><strong>11</strong></span> <span class='ocrx_word' id='word_1_206' title='bbox 1361 2621 1903 2708; x_wconf 72' lang='lat' dir='ltr'><strong>Hamburgenses</strong></span> <span class='ocrx_word' id='word_1_207' title='bbox 1982 2620 2123 2684; x_wconf 88' lang='lat' dir='ltr'><strong>fere</strong></span> <span class='ocrx_word' id='word_1_208' title='bbox 2189 2621 2397 2683; x_wconf 85' lang='lat' dir='ltr'><strong>verbo</strong></span> 
     </span>
     <span class='ocr_line' id='line_1_27' title="bbox 117 2699 2397 2786; baseline 0 -19"><span class='ocrx_word' id='word_1_209' title='bbox 117 2713 314 2768; x_wconf 87' lang='lat' dir='ltr'><strong>tenus</strong></span> <span class='ocrx_word' id='word_1_210' title='bbox 361 2712 513 2770; x_wconf 90' lang='lat' dir='ltr'><strong>sunt</strong></span> <span class='ocrx_word' id='word_1_211' title='bbox 539 2708 1008 2770; x_wconf 86' lang='lat' dir='ltr'><strong>translationes</strong></span> <span class='ocrx_word' id='word_1_212' title='bbox 1047 2706 1472 2770; x_wconf 88' lang='lat' dir='ltr'><strong>articulorum</strong></span> <span class='ocrx_word' id='word_1_213' title='bbox 1518 2707 1575 2784; x_wconf 85' lang='lat'><strong>5,</strong></span> <span class='ocrx_word' id='word_1_214' title='bbox 1610 2707 1668 2783; x_wconf 87' lang='grc'><strong>6,</strong></span> <span class='ocrx_word' id='word_1_215' title='bbox 1704 2699 1740 2768; x_wconf 81' lang='lat'><strong>7</strong></span> <span class='ocrx_word' id='word_1_216' title='bbox 1777 2705 2397 2786; x_wconf 84' lang='lat' dir='ltr'><strong>Hamburgensimn.</strong></span> 
     </span>
     <span class='ocr_line' id='line_1_28' title="bbox 113 2789 2391 2869; baseline 0 -17"><span class='ocrx_word' id='word_1_217' title='bbox 113 2792 196 2853; x_wconf 85' lang='lat' dir='ltr'><strong>In</strong></span> <span class='ocrx_word' id='word_1_218' title='bbox 241 2791 388 2854; x_wconf 87' lang='lat' dir='ltr'><strong>aliis</strong></span> <span class='ocrx_word' id='word_1_219' title='bbox 433 2797 648 2855; x_wconf 87' lang='lat' dir='ltr'><strong>autem</strong></span> <span class='ocrx_word' id='word_1_220' title='bbox 691 2792 986 2856; x_wconf 84' lang='lat' dir='ltr'><strong>articulis</strong></span> <span class='ocrx_word' id='word_1_221' title='bbox 1034 2789 1388 2854; x_wconf 90' lang='lat' dir='ltr'><strong>similitudo</strong></span> <span class='ocrx_word' id='word_1_222' title='bbox 1423 2791 1740 2869; x_wconf 85' lang='lat' dir='ltr'><strong>quaedam</strong></span> <span class='ocrx_word' id='word_1_223' title='bbox 1782 2789 1928 2852; x_wconf 87' lang='lat' dir='ltr'><strong>sola</strong></span> <span class='ocrx_word' id='word_1_224' title='bbox 1952 2789 2391 2868; x_wconf 88' lang='lat' dir='ltr'><strong>intercedere,</strong></span> 
     </span>
     <span class='ocr_line' id='line_1_29' title="bbox 113 2873 2395 2957; baseline -0 -19"><span class='ocrx_word' id='word_1_225' title='bbox 113 2895 252 2938; x_wconf 90' lang='lat' dir='ltr'><strong>non</strong></span> <span class='ocrx_word' id='word_1_226' title='bbox 317 2896 498 2939; x_wconf 87' lang='lat' dir='ltr'><strong>mera</strong></span> <span class='ocrx_word' id='word_1_227' title='bbox 559 2877 906 2940; x_wconf 85' lang='lat' dir='ltr'><strong>translatio</strong></span> <span class='ocrx_word' id='word_1_228' title='bbox 974 2877 1152 2939; x_wconf 87' lang='lat' dir='ltr'><strong>facta</strong></span> <span class='ocrx_word' id='word_1_229' title='bbox 1217 2895 1365 2939; x_wconf 89' lang='lat' dir='ltr'><strong>esse</strong></span> <span class='ocrx_word' id='word_1_230' title='bbox 1410 2875 1687 2954; x_wconf 84' lang='lat' dir='ltr'><strong>videtur,</strong></span> <span class='ocrx_word' id='word_1_231' title='bbox 1760 2895 1903 2938; x_wconf 88' lang='lat' dir='ltr'><strong>cum</strong></span> <span class='ocrx_word' id='word_1_232' title='bbox 1958 2873 2073 2957; x_wconf 89' lang='lat' dir='ltr'><strong>jus</strong></span> <span class='ocrx_word' id='word_1_233' title='bbox 2116 2875 2395 2938; x_wconf 84' lang='lat' dir='ltr'><strong>Antver-</strong></span> 
     </span>
     <span class='ocr_line' id='line_1_30' title="bbox 111 2959 2388 3045; baseline -0.001 -22"><span class='ocrx_word' id='word_1_234' title='bbox 111 2962 347 3042; x_wconf 89' lang='lat' dir='ltr'><strong>piense</strong></span> <span class='ocrx_word' id='word_1_235' title='bbox 393 2961 553 3024; x_wconf 90' lang='lat' dir='ltr'><strong>licet</strong></span> <span class='ocrx_word' id='word_1_236' title='bbox 593 2961 662 3023; x_wconf 93' lang='lat' dir='ltr'><strong>in</strong></span> <span class='ocrx_word' id='word_1_237' title='bbox 703 2961 1046 3045; x_wconf 89' lang='lat' dir='ltr'><strong>principiis</strong></span> <span class='ocrx_word' id='word_1_238' title='bbox 1092 2962 1477 3044; x_wconf 87' lang='lat' dir='ltr'><strong>adoptatum</strong></span> <span class='ocrx_word' id='word_1_239' title='bbox 1524 2960 1627 3040; x_wconf 87' lang='lat' dir='ltr'><strong>sit,</strong></span> <span class='ocrx_word' id='word_1_240' title='bbox 1674 2959 1741 3022; x_wconf 93' lang='lat' dir='ltr'><strong>in</strong></span> <span class='ocrx_word' id='word_1_241' title='bbox 1790 2959 2039 3024; x_wconf 86' lang='lat' dir='ltr'><strong>Codice</strong></span> <span class='ocrx_word' id='word_1_242' title='bbox 2070 2959 2388 3022; x_wconf 89' lang='lat' dir='ltr'><strong>Hambur-</strong></span> 
     </span>
     <span class='ocr_line' id='line_1_31' title="bbox 113 3043 2391 3128; baseline -0.001 -20"><span class='ocrx_word' id='word_1_243' title='bbox 113 3046 309 3128; x_wconf 89' lang='lat' dir='ltr'><strong>gensi</strong></span> <span class='ocrx_word' id='word_1_244' title='bbox 359 3047 568 3128; x_wconf 83' lang='lat' dir='ltr'><strong>magis</strong></span> <span class='ocrx_word' id='word_1_245' title='bbox 621 3048 942 3110; x_wconf 85' lang='lat' dir='ltr'><strong>variatum</strong></span> <span class='ocrx_word' id='word_1_246' title='bbox 1005 3047 1366 3126; x_wconf 88' lang='lat' dir='ltr'><strong>meliusque</strong></span> <span class='ocrx_word' id='word_1_247' title='bbox 1423 3045 1794 3110; x_wconf 82' lang='lat' dir='ltr'><strong>confectum</strong></span> <span class='ocrx_word' id='word_1_248' title='bbox 1858 3044 2244 3108; x_wconf 87' lang='lat' dir='ltr'><strong>translatum</strong></span> <span class='ocrx_word' id='word_1_249' title='bbox 2288 3043 2391 3123; x_wconf 88' lang='lat' dir='ltr'><strong>sit,</strong></span> 
     </span>
     <span class='ocr_line' id='line_1_32' title="bbox 111 3131 1767 3214; baseline 0.001 -22"><span class='ocrx_word' id='word_1_250' title='bbox 111 3137 188 3193; x_wconf 83' lang='lat' dir='ltr'><strong>ut</strong></span> <span class='ocrx_word' id='word_1_251' title='bbox 231 3131 374 3193; x_wconf 91' lang='lat' dir='ltr'><strong>usui</strong></span> <span class='ocrx_word' id='word_1_252' title='bbox 419 3131 907 3214; x_wconf 87' lang='lat' dir='ltr'><strong>Hamburgensi</strong></span> <span class='ocrx_word' id='word_1_253' title='bbox 948 3132 1263 3213; x_wconf 87' lang='lat' dir='ltr'><strong>singulari</strong></span> <span class='ocrx_word' id='word_1_254' title='bbox 1307 3131 1767 3214; x_wconf 89' lang='lat' dir='ltr'><strong>responderet.</strong></span> 
     </span>
    </p>

    <p class='ocr_par' dir='ltr' id='par_1_5' title="bbox 109 3215 2391 3468">
     <span class='ocr_line' id='line_1_33' title="bbox 326 3215 2391 3299; baseline -0 -22"><span class='ocrx_word' id='word_1_255' title='bbox 326 3215 644 3279; x_wconf 86' lang='lat' dir='ltr'><strong>Profecto</strong></span> <span class='ocrx_word' id='word_1_256' title='bbox 689 3217 1000 3280; x_wconf 88' lang='lat' dir='ltr'><strong>articulus</strong></span> <span class='ocrx_word' id='word_1_257' title='bbox 1043 3216 1565 3299; x_wconf 86' lang='lat' dir='ltr'><strong>Hamburgensis</strong></span> <span class='ocrx_word' id='word_1_258' title='bbox 1612 3215 1939 3279; x_wconf 85' lang='lat' dir='ltr'><strong>secundus</strong></span> <span class='ocrx_word' id='word_1_259' title='bbox 2004 3220 2073 3277; x_wconf 90' lang='lat' dir='ltr'><strong>et</strong></span> <span class='ocrx_word' id='word_1_260' title='bbox 2112 3215 2391 3278; x_wconf 84' lang='lat' dir='ltr'><strong>Antver·</strong></span> 
     </span>
     <span class='ocr_line' id='line_1_34' title="bbox 109 3299 2387 3383; baseline 0 -22"><span class='ocrx_word' id='word_1_261' title='bbox 109 3300 364 3381; x_wconf 87' lang='lat' dir='ltr'><strong>piensis</strong></span> <span class='ocrx_word' id='word_1_262' title='bbox 412 3306 701 3381; x_wconf 86' lang='lat' dir='ltr'><strong>octavus,</strong></span> <span class='ocrx_word' id='word_1_263' title='bbox 750 3303 860 3381; x_wconf 88' lang='lat' dir='ltr'><strong>qui</strong></span> <span class='ocrx_word' id='word_1_264' title='bbox 891 3303 974 3364; x_wconf 91' lang='lat' dir='ltr'><strong>de</strong></span> <span class='ocrx_word' id='word_1_265' title='bbox 1006 3302 1491 3383; x_wconf 89' lang='lat' dir='ltr'><strong>protestatione</strong></span> <span class='ocrx_word' id='word_1_266' title='bbox 1520 3302 1589 3363; x_wconf 91' lang='lat' dir='ltr'><strong>in</strong></span> <span class='ocrx_word' id='word_1_267' title='bbox 1622 3321 1799 3380; x_wconf 88' lang='lat' dir='ltr'><strong>casu,</strong></span> <span class='ocrx_word' id='word_1_268' title='bbox 1848 3317 1977 3380; x_wconf 89' lang='lat' dir='ltr'><strong>quo</strong></span> <span class='ocrx_word' id='word_1_269' title='bbox 2008 3299 2387 3380; x_wconf 84' lang='lat' dir='ltr'><strong>assignatus</strong></span> 
     </span>
     <span class='ocr_line' id='line_1_35' title="bbox 109 3384 2388 3468; baseline 0 -22"><span class='ocrx_word' id='word_1_270' title='bbox 109 3384 494 3468; x_wconf 84' lang='lat' dir='ltr'><strong>(trassatus)</strong></span> <span class='ocrx_word' id='word_1_271' title='bbox 526 3386 839 3467; x_wconf 87' lang='lat' dir='ltr'><strong>accipere·</strong></span> <span class='ocrx_word' id='word_1_272' title='bbox 869 3387 1096 3466; x_wconf 86' lang='lat' dir='ltr'><strong>noluit,</strong></span> <span class='ocrx_word' id='word_1_273' title='bbox 1143 3390 1406 3465; x_wconf 88' lang='lat' dir='ltr'><strong>tractat,</strong></span> <span class='ocrx_word' id='word_1_274' title='bbox 1453 3386 1627 3449; x_wconf 89' lang='lat' dir='ltr'><strong>inter</strong></span> <span class='ocrx_word' id='word_1_275' title='bbox 1672 3405 1745 3448; x_wconf 91' lang='lat' dir='ltr'><strong>se</strong></span> <span class='ocrx_word' id='word_1_276' title='bbox 1791 3384 2041 3446; x_wconf 89' lang='lat' dir='ltr'><strong>similes</strong></span> <span class='ocrx_word' id='word_1_277' title='bbox 2086 3389 2239 3446; x_wconf 88' lang='lat' dir='ltr'><strong>sunt</strong></span> <span class='ocrx_word' id='word_1_278' title='bbox 2280 3403 2388 3446; x_wconf 88' lang='lat' dir='ltr'><strong>ne·</strong></span> 
     </span>
    </p>
   </div>
   <div class='ocr_carea' id='block_1_3' title="bbox 135 3577 542 3600">
    <p class='ocr_par' dir='ltr' id='par_1_6' title="bbox 135 3577 542 3600">
     <span class='ocr_line' id='line_1_36' title="bbox 435 3577 441 3584; baseline 0 0"><span class='ocrx_word' id='word_1_279' title='bbox 435 3577 441 3584; x_wconf 82' lang='lat'><strong>.</strong></span> 
     </span>
     <span class='ocr_line' id='line_1_37' title="bbox 135 3585 542 3600; baseline -0.005 0"><span class='ocrx_word' id='word_1_280' title='bbox 135 3591 220 3600; x_wconf 56' lang='lat' dir='ltr'><strong>a--</strong></span> <span class='ocrx_word' id='word_1_281' title='bbox 239 3593 270 3596; x_wconf 79' lang='lat'><strong>--</strong></span> <span class='ocrx_word' id='word_1_282' title='bbox 283 3585 542 3598; x_wconf 71' lang='lat' dir='ltr'><strong>--—---a·-—...-</strong></span> 
     </span>
    </p>
   </div>
   <div class='ocr_carea' id='block_1_4' title="bbox 104 3697 2389 4538">
    <p class='ocr_par' dir='ltr' id='par_1_7' title="bbox 104 3697 2389 4538">
     <span class='ocr_line' id='line_1_38' title="bbox 326 3697 2389 3776; baseline -0.004 -14"><span class='ocrx_word' id='word_1_283' title='bbox 326 3699 406 3773; x_wconf 57' lang='grc' dir='ltr'><strong>θ’)</strong></span> <span class='ocrx_word' id='word_1_284' title='bbox 483 3704 884 3776; x_wconf 78' lang='lat' dir='ltr'><strong>Baumeistcr,</strong></span> <span class='ocrx_word' id='word_1_285' title='bbox 943 3704 1210 3776; x_wconf 84' lang='lat' dir='ltr'><strong>inclytus</strong></span> <span class='ocrx_word' id='word_1_286' title='bbox 1252 3701 1410 3775; x_wconf 85' lang='lat' dir='ltr'><strong>juris</strong></span> <span class='ocrx_word' id='word_1_287' title='bbox 1453 3699 1937 3775; x_wconf 73' lang='lat' dir='ltr'><strong>Hamburgensis</strong></span> <span class='ocrx_word' id='word_1_288' title='bbox 1982 3707 2177 3769; x_wconf 75' lang='lat' dir='ltr'><strong>sutor,</strong></span> <span class='ocrx_word' id='word_1_289' title='bbox 2234 3697 2286 3754; x_wconf 82' lang='lat' dir='ltr'><strong>si</strong></span> <span class='ocrx_word' id='word_1_290' title='bbox 2328 3697 2389 3754; x_wconf 85' lang='lat' dir='ltr'><strong>in</strong></span> 
     </span>
     <span class='ocr_line' id='line_1_39' title="bbox 110 3772 2389 3855; baseline -0.004 -17"><span class='ocrx_word' id='word_1_291' title='bbox 110 3799 298 3854; x_wconf 80' lang='lat' dir='ltr'><strong>opere</strong></span> <span class='ocrx_word' id='word_1_292' title='bbox 342 3783 466 3854; x_wconf 81' lang='lat' dir='ltr'><strong>jam</strong></span> <span class='ocrx_word' id='word_1_293' title='bbox 519 3781 760 3838; x_wconf 81' lang='lat' dir='ltr'><strong>laudato</strong></span> <span class='ocrx_word' id='word_1_294' title='bbox 815 3777 1228 3855; x_wconf 78' lang='lat' dir='ltr'><strong>(Haniburger</strong></span> <span class='ocrx_word' id='word_1_295' title='bbox 1275 3775 1691 3846; x_wconf 82' lang='lat' dir='ltr'><strong>Privatrccht,</strong></span> <span class='ocrx_word' id='word_1_296' title='bbox 1751 3772 1921 3844; x_wconf 68' lang='lat'>1856)</span> <span class='ocrx_word' id='word_1_297' title='bbox 1981 3793 2196 3830; x_wconf 81' lang='lat' dir='ltr'><strong>annum</strong></span> <span class='ocrx_word' id='word_1_298' title='bbox 2248 3777 2389 3830; x_wconf 79' lang='grc'>1582</span> 
     </span>
     <span class='ocr_line' id='line_1_40' title="bbox 111 3847 2387 3931; baseline -0.002 -20"><span class='ocrx_word' id='word_1_299' title='bbox 111 3857 383 3928; x_wconf 76' lang='lat' dir='ltr'><strong>scripsit,</strong></span> <span class='ocrx_word' id='word_1_300' title='bbox 434 3855 494 3911; x_wconf 84' lang='lat' dir='ltr'><strong>id</strong></span> <span class='ocrx_word' id='word_1_301' title='bbox 543 3855 779 3931; x_wconf 85' lang='lat' dir='ltr'><strong>quidem</strong></span> <span class='ocrx_word' id='word_1_302' title='bbox 872 3874 940 3912; x_wconf 91' lang='lat' dir='ltr'><strong>ro</strong></span> <span class='ocrx_word' id='word_1_303' title='bbox 997 3857 1129 3912; x_wconf 88' lang='lat' dir='ltr'><strong>solo</strong></span> <span class='ocrx_word' id='word_1_304' title='bbox 1179 3853 1392 3911; x_wconf 80' lang='lat' dir='ltr'><strong>calami</strong></span> <span class='ocrx_word' id='word_1_305' title='bbox 1445 3856 1617 3926; x_wconf 81' lang='lat' dir='ltr'><strong>lapsu</strong></span> <span class='ocrx_word' id='word_1_306' title='bbox 1658 3852 1996 3908; x_wconf 81' lang='lat' dir='ltr'><strong>habendum</strong></span> <span class='ocrx_word' id='word_1_307' title='bbox 2037 3858 2151 3906; x_wconf 85' lang='lat' dir='ltr'><strong>cst.</strong></span> <span class='ocrx_word' id='word_1_308' title='bbox 2236 3847 2387 3906; x_wconf 85' lang='lat' dir='ltr'><strong>Vide</strong></span> 
     </span>
     <span class='ocr_line' id='line_1_41' title="bbox 110 3929 2389 4082; baseline -0.003 -19"><span class='ocrx_word' id='word_1_309' title='bbox 110 3950 296 4005; x_wconf 64' lang='lat' dir='ltr'><strong>supra</strong></span> <span class='ocrx_word' id='word_1_310' title='bbox 325 3929 404 4074; x_wconf 47' lang='grc' dir='ltr'><strong>ἃ)</strong></span> <span class='ocrx_word' id='word_1_311' title='bbox 437 3935 874 4064; x_wconf 45' lang='lat' dir='ltr'><strong>LSimliuggtes·</strong></span> <span class='ocrx_word' id='word_1_312' title='bbox 919 3932 1328 4082; x_wconf 41' lang='lat' dir='ltr'><strong>²³[luri.‘&#39;ti-iotl’lzjiln</strong></span> <span class='ocrx_word' id='word_1_313' title='bbox 1401 4013 1764 4062; x_wconf 83' lang='lat' dir='ltr'><strong>statutorum</strong></span> <span class='ocrx_word' id='word_1_314' title='bbox 1836 3999 2389 4074; x_wconf 70' lang='lat' dir='ltr'><strong>Hambur‘gcnsium</strong></span> 
     </span>
     <span class='ocr_line' id='line_1_42' title="bbox 109 4079 2387 4152; baseline -0.004 -12"><span class='ocrx_word' id='word_1_315' title='bbox 109 4082 439 4140; x_wconf 84' lang='lat' dir='ltr'><strong>editionem</strong></span> <span class='ocrx_word' id='word_1_316' title='bbox 491 4084 650 4138; x_wconf 72' lang='grc'>1842.</span> <span class='ocrx_word' id='word_1_317' title='bbox 695 4101 850 4139; x_wconf 82' lang='lat' dir='ltr'><strong>anno</strong></span> <span class='ocrx_word' id='word_1_318' title='bbox 894 4081 1288 4152; x_wconf 81' lang='lat' dir='ltr'><strong>confecerint,</strong></span> <span class='ocrx_word' id='word_1_319' title='bbox 1352 4082 1519 4138; x_wconf 86' lang='lat' dir='ltr'><strong>solos</strong></span> <span class='ocrx_word' id='word_1_320' title='bbox 1562 4079 1850 4137; x_wconf 81' lang='lat' dir='ltr'><strong>articulos</strong></span> <span class='ocrx_word' id='word_1_321' title='bbox 1902 4081 1970 4148; x_wconf 87' lang='grc'><strong>2,</strong></span> <span class='ocrx_word' id='word_1_322' title='bbox 2026 4079 2092 4146; x_wconf 84' lang='grc'><strong>9,</strong></span> <span class='ocrx_word' id='word_1_323' title='bbox 2156 4082 2253 4145; x_wconf 86' lang='grc'><strong>10,</strong></span> <span class='ocrx_word' id='word_1_324' title='bbox 2306 4081 2387 4131; x_wconf 87' lang='grc'><strong>11.</strong></span> 
     </span>
     <span class='ocr_line' id='line_1_43' title="bbox 106 4153 2389 4232; baseline -0.004 -16"><span class='ocrx_word' id='word_1_325' title='bbox 106 4156 610 4232; x_wconf 78' lang='lat' dir='ltr'><strong>Hamburgenses</strong></span> <span class='ocrx_word' id='word_1_326' title='bbox 689 4177 766 4214; x_wconf 84' lang='lat' dir='ltr'><strong>ex</strong></span> <span class='ocrx_word' id='word_1_327' title='bbox 851 4157 1123 4214; x_wconf 83' lang='lat' dir='ltr'><strong>articulis</strong></span> <span class='ocrx_word' id='word_1_328' title='bbox 1206 4155 1761 4230; x_wconf 79' lang='lat' dir='ltr'><strong>Antwerpiensibus</strong></span> <span class='ocrx_word' id='word_1_329' title='bbox 1838 4153 2171 4210; x_wconf 80' lang='lat' dir='ltr'><strong>translatos</strong></span> <span class='ocrx_word' id='word_1_330' title='bbox 2248 4170 2389 4208; x_wconf 85' lang='lat' dir='ltr'><strong>csse</strong></span> 
     </span>
     <span class='ocr_line' id='line_1_44' title="bbox 104 4225 2382 4308; baseline -0.003 -18"><span class='ocrx_word' id='word_1_331' title='bbox 104 4234 318 4290; x_wconf 87' lang='lat' dir='ltr'><strong>dicunt</strong></span> <span class='ocrx_word' id='word_1_332' title='bbox 359 4251 608 4308; x_wconf 82' lang='lat' dir='ltr'><strong>eamque</strong></span> <span class='ocrx_word' id='word_1_333' title='bbox 653 4232 1014 4291; x_wconf 78' lang='lat' dir='ltr'><strong>sententiam</strong></span> <span class='ocrx_word' id='word_1_334' title='bbox 1059 4232 1437 4289; x_wconf 81' lang='lat' dir='ltr'><strong>Baumcistcr</strong></span> <span class='ocrx_word' id='word_1_335' title='bbox 1481 4235 1516 4289; x_wconf 90' lang='grc' dir='ltr'><strong>Ι.</strong></span> <span class='ocrx_word' id='word_1_336' title='bbox 1560 4253 1640 4302; x_wconf 88' lang='lat' dir='ltr'><strong>c.,</strong></span> <span class='ocrx_word' id='word_1_337' title='bbox 1698 4230 1969 4305; x_wconf 78' lang='lat' dir='ltr'><strong>Gengler</strong></span> <span class='ocrx_word' id='word_1_338' title='bbox 2009 4225 2382 4298; x_wconf 83' lang='lat' dir='ltr'><strong>(Deutsches</strong></span> 
     </span>
     <span class='ocr_line' id='line_1_45' title="bbox 105 4302 2381 4382; baseline -0.003 -17"><span class='ocrx_word' id='word_1_339' title='bbox 105 4309 496 4366; x_wconf 80' lang='lat' dir='ltr'><strong>Privntrecht</strong></span> <span class='ocrx_word' id='word_1_340' title='bbox 547 4329 599 4382; x_wconf 85' lang='lat' dir='ltr'><strong>p.</strong></span> <span class='ocrx_word' id='word_1_341' title='bbox 644 4311 782 4378; x_wconf 78' lang='lat'>557)</span> <span class='ocrx_word' id='word_1_342' title='bbox 837 4318 898 4364; x_wconf 90' lang='lat' dir='ltr'><strong>et</strong></span> <span class='ocrx_word' id='word_1_343' title='bbox 941 4307 1164 4364; x_wconf 86' lang='lat' dir='ltr'><strong>Biener</strong></span> <span class='ocrx_word' id='word_1_344' title='bbox 1205 4305 1857 4377; x_wconf 84' lang='lat' dir='ltr'><strong>(Wechselrechtliche</strong></span> <span class='ocrx_word' id='word_1_345' title='bbox 1900 4302 2381 4380; x_wconf 78' lang='lat' dir='ltr'><strong>Abhandlungen</strong></span> 
     </span>
     <span class='ocr_line' id='line_1_46' title="bbox 113 4382 2384 4459; baseline -0.003 -18"><span class='ocrx_word' id='word_1_346' title='bbox 113 4387 260 4442; x_wconf 78' lang='lat'>1859</span> <span class='ocrx_word' id='word_1_347' title='bbox 301 4403 356 4459; x_wconf 84' lang='lat' dir='ltr'><strong>p.</strong></span> <span class='ocrx_word' id='word_1_348' title='bbox 401 4388 541 4456; x_wconf 78' lang='grc'><strong>297)</strong></span> <span class='ocrx_word' id='word_1_349' title='bbox 604 4403 850 4458; x_wconf 84' lang='lat' dir='ltr'><strong>prorsus</strong></span> <span class='ocrx_word' id='word_1_350' title='bbox 893 4384 1203 4458; x_wconf 78' lang='lat' dir='ltr'><strong>adoptant,</strong></span> <span class='ocrx_word' id='word_1_351' title='bbox 1263 4383 1370 4441; x_wconf 88' lang='lat' dir='ltr'><strong>isti</strong></span> <span class='ocrx_word' id='word_1_352' title='bbox 1429 4383 1575 4440; x_wconf 83' lang='lat' dir='ltr'><strong>mihi</strong></span> <span class='ocrx_word' id='word_1_353' title='bbox 1633 4382 1828 4440; x_wconf 83' lang='lat' dir='ltr'><strong>minus</strong></span> <span class='ocrx_word' id='word_1_354' title='bbox 1873 4387 2149 4439; x_wconf 82' lang='lat' dir='ltr'><strong>accurate</strong></span> <span class='ocrx_word' id='word_1_355' title='bbox 2192 4388 2384 4437; x_wconf 86' lang='lat' dir='ltr'><strong>totum</strong></span> 
     </span>
     <span class='ocr_line' id='line_1_47' title="bbox 105 4457 2178 4538; baseline -0.004 -20"><span class='ocrx_word' id='word_1_356' title='bbox 105 4461 412 4518; x_wconf 78' lang='lat' dir='ltr'><strong>ambarum</strong></span> <span class='ocrx_word' id='word_1_357' title='bbox 457 4463 657 4538; x_wconf 74' lang='lat' dir='ltr'><strong>legum</strong></span> <span class='ocrx_word' id='word_1_358' title='bbox 699 4470 967 4518; x_wconf 85' lang='lat' dir='ltr'><strong>tenorem</strong></span> <span class='ocrx_word' id='word_1_359' title='bbox 1011 4459 1348 4536; x_wconf 71' lang='lat' dir='ltr'><strong>perlegisse</strong></span> <span class='ocrx_word' id='word_1_360' title='bbox 1391 4469 1452 4516; x_wconf 89' lang='lat' dir='ltr'><strong>et</strong></span> <span class='ocrx_word' id='word_1_361' title='bbox 1494 4458 1839 4534; x_wconf 79' lang='lat' dir='ltr'><strong>percepisse</strong></span> <span class='ocrx_word' id='word_1_362' title='bbox 1877 4457 2178 4515; x_wconf 74' lang='lat' dir='ltr'><strong>videntur.</strong></span> 
     </span>
    </p>
   </div>
  </div>
 </body>
</html>
