2950 4992
1029 460 1404 533 -9-.-·

75 615 154 672 ut
209 607 448 672 dicitur
503 629 584 672 ea
637 609 816 674 facta
862 613 1255 694 conditione,
1316 622 1389 677 ut
1420 617 1750 698 judaeicis
1798 617 2129 682 erroribus
2176 617 2354 702 abju-

70 694 239 756 ratis
284 693 678 758 christianae
723 695 876 760 fidei
921 716 993 760 36
1041 699 1378 763 dederent.

291 779 658 861 Praecipue
701 800 862 844 vero
909 801 991 844 ex
1035 784 1355 847 diuturnis
1400 791 1596 867 atque
1641 787 2021 850 arctissimis
2055 787 2357 870 conjunc-

72 864 370 926 tionibus
430 865 1007 948 commercialibu3‚
1055 888 1222 949 quae
1256 870 1397 951 jam
1440 870 1802 933 vetustiore
1843 877 2140 954 tempore
2182 870 2359 934 Han·

75 949 368 1011 seaticae
415 949 981 1013 confo‘ederationi
1044 973 1186 1016 611111
1227 953 1481 1036 Belgia,
1526 953 1837 1017 Flandria
1892 962 1959 1020 61,
2000 956 2360 1019 Brabantia

71 1034 357 1114 fuerunt,
425 1033 521 1097 uti
576 1035 814 1097 ceteris
859 1035 1296 1119 Hanseaticis‚
1351 1039 1445 1101 ita
1490 1045 1765 1120 propter
1806 1039 1939 1103 1061
1982 1039 2361 1122 opportuni·

73 1125 282 1182 tatem
348 1118 643 1201 inprimis
709 1119 1317 1202 Hamburgensibus
1380 1125 1622 1186 multae
1688 1124 2009 1188 utilitates
2087 1129 2355 1188 exortae

72 1209 248 1266 sunt.
337 1203 531 1268 Unde
574 1205 756 1267 varia
809 1208 1341 1271 commerciorum
1385 1209 1703 1288 instituta,
1751 1209 2044 1291 inprimis
2078 1209 2349 1286 cambia,

67 1289 249 1352 unde
292 1288 464 1371 juris
525 1290 993 1352 commercialis
1047 1293 1349 1373 peritiam
1405 1313 1705 1374 magnam
1757 1294 1824 1356 in
1879 1300 2134 1375 partem
2180 1293 2355 1355 Han-

69 1373 310 1438 seatici
354 1375 570 1455 atque'
593 1374 886 1456 inprimis
929 1375 1464 1458 Hamburgenses
1493 1378 1977 1460 deprompsisse
2023 1378 2345 1440 videntur.

287 1459 456 1523 Post
495 1458 728 1522 Italiae
774 1458 1030 1523 scilicet
1071 1480 1338 1542 magnas
1381 1482 1492 1526 res
1544 1464 1840 1544 publicas
1887 1463 2159 1526 maxime
2208 1461 2357 1524 Bel-

69 1545 268 1626 gicae
313 1545 616 1607 civitates
663 1544 876 1607 media
920 1551 1138 1608 aetate
1184 1547 1605 1628 navigatione
1664 1553 1732 1611 et
1794 1553 2161 1612 mercatura
2228 1565 2355 1610 om·

67 1629 397 1710 nibusque
444 1629 1006 1692 commercialibus
1051 1630 1320 1710 artibuS‚
1367 1632 1708 1713 speciatim
1762 1633 2157 1696 cambiorum
2214 1650 2356 1694 cum

69 1714 514 1794 antiquiorum
559 1719 694 1775 tum
736 1715 1176 1778 recentiorum
1227 1735 1367 1795 usu,
1415 1736 1674 1780 necnon
1716 1717 1889 1801 juris
1946 1714 2357 1780 commercia-

67 1799 156 1861 lis
204 1798 606 1862 tractatione
652 1803 848 1879 atque
907 1800 1183 1863 scientia
1227 1800 1696 1864 excelluerunt.
1781 1801 1882 1866 De
1929 1822 2057 1883 qua
2106 1820 2181 1864 re
2224 1818 2357 1862 non

70 1889 184 1947 est
227 1903 464 1947 caussa
506 1887 580 1944 ut
621 1883 944 1946 miremur.
1030 1885 1328 1965 Ingentis
1386 1886 1557 1948 enim
1602 1886 1939 1950 orientalis
1987 1883 2357 1948 commercii

69 1969 224 2031 viae
267 1974 423 2032 tunc
467 1968 784 2050 temporis
830 1987 951 2050 per
993 1968 1249 2032 Italiam
1304 1975 1502 2050 atque
1558 1971 2047 2034 meridionalem
2096 1969 2357 2033 Germa·

67 2055 249 2115 niam
321 2053 407 2116 ad
479 2052 675 2114 maris
749 2052 1046 2116 atlantici
1112 2060 1342 2136 portus
1380 2055 1733 2136 Belgarum
1794 2057 2139 2119 traductae
2185 2060 2355 2118 sunt.

66 2139 208 2200 Hic
250 2137 433 2200 fuere
480 2137 770 2220 emporia
817 2144 1248 2201 mercatorum
1280 2139 1718 2202 Genuensium
1750 2145 1817 2202 et
1844 2139 2355 2218 Venetiensium,

65 2221 591 2286 Luceanensium
637 2228 705 2284 et
733 2221 1279 2285 Florentinorum.
1369 2224 1498 2286 Hic
1544 2243 1922 2306 campsores
1967 2223 2183 2286 Italici
2214 2225 2357 2286 sub-

69 2307 269 2371 sellia
313 2312 776 2370 exstruxerunt
822 2312 890 2369 et
940 2326 1339 2370 nummorum
1383 2309 1743 2372 solutiones
1788 2309 2075 2372 borealis
2122 2313 2189 2371 et
2232 2327 2357 2368 me-

65 2390 416 2454 ridionalis
457 2391 632 2453 iuter
673 2390 978 2473 Europae
1033 2397 1245 2455 terras
1301 2394 1743 2474 perfecerunt.
1830 2393 1959 2456 Hic
2012 2398 2168 2475 post
2212 2391 2359 2454 Ole-

65 2495 396 2540 ronenses
457 2475 830 2540 sanctiones
890 2476 1099 2558 prima
1141 2477 1313 2559 juris
1370 2479 1674 2541 maritimi
1728 2479 2025 2542 moderni
2074 2477 2359 2558 vestigia

67 2561 506 2638 inveniuntur,
565 2579 730 2640 quae
787 2561 1022 2642 partim
1076 2561 1144 2623 in
1206 2563 1621 2627 traductione
1676 2564 1938 2646 belgica
1999 2562 2355 2626 Oleronen-

67 2648 244 2709 sium
276 2645 448 2727 juris
496 2645 800 2707 maritimi
847 2645 1268 2708 articulorum
1317 2654 1639 2727 constant,
1687 2650 1927 2729 partim
1974 2645 2357 2728 originalem

68 2729 402 2812 quandam
449 2730 736 2811 speciem
780 2750 942 2811 prae
989 2749 1062 2792 se
1093 2728 1426 2812 feruntstss)

290 2813 485 2889 Quod
526 2833 684 2876 vero
731 2815 816 2876 ad
863 2815 1256 2878 cambiorum
1299 2815 1365 2877 in
1417 2815 1709 2898 Belgicis
1751 2815 2131 2897 regionibus
2172 2833 2357 2876 usum

65 2899 383 2982 pertinet,
453 2899 623 2980 Ipris
681 2897 776 2981 (Y
776 2897 968 2980 pern)
1019 2898 1453 2963 Lombardiae
1516 2906 1916 2963 mercatores
1975 2901 2112 2982 jam
2183 2899 2361 2961 circa

66 3003 310 3046 annum
359 2984 522 3046 1285
566 2983 914 3046 Flandriae
963 2983 1266 3048 comitum
1307 2985 1670 3068 privilegiis
1697 2982 1773 3066 ¹³)
1841 2983 2203 3048 cambiandi
2244 2982 2359 3065 jus

70 3067 486 3146 obtinebant,
535 3087 700 3148 quae
744 3073 963 3130 tamen
1005 3067 1352 3150 privilegia
1392 3069 1844 3133 tantummodo
1890 3087 2093 3150 usque
2139 3067 2224 3130 ad
2251 3087 2359 3130 an·

65 3173 229 3215 num
277 3153 440 3214 1290
498 3171 817 3216 concessa
863 3159 1068 3215 erant.
1156 3152 1414 3216 Etenim
1476 3155 1708 3218 eodem
1755 3174 1924 3217 anno
1975 3154 2137 3216 1285
2179 3153 2357 3216 cives

65 3237 206 3320 ipsi
251 3237 546 3319 Iprarum
623 3237 938 3299 cambium
1015 3239 1507 3319 cambiandique
1566 3239 1676 3320 jus
1722 3260 1763 3302 a
1808 3240 2043 3302 comite
2089 3255 2359 3318 accepe-

65 3327 248 3399 runt,
304 3322 398 3384 ita
453 3326 526 3383 ut
584 3321 738 3403 „jus
797 3327 865 3384 et
919 3323 1337 3384 autoritatem
1383 3324 1767 3402 cambiandi,
1817 3323 2131 3388 cambium
2179 3342 2357 3384 exer-

69 3405 275 3469 cendi
323 3411 392 3469 et
437 3424 820 3486 campsores
851 3407 1094 3469 ibidem
1124 3407 1507 3470 instituendi
1536 3413 1935 3490 potestatem
1966 3406 2356 3486 haberent“;

67 3492 267 3574 cujus
311 3488 642 3572 privilegii
667 3491 1018 3557 exercendi
1063 3491 1314 3553 initium
1357 3492 1442 3554 ad
1471 3512 1705 3555 annum
1739 3493 1902 3554 1290
1933 3496 2359 3575 prorogatum

69 3582 204 3654 est,
278 3595 404 3655 quo
459 3573 980 3638 Lombardorum
1063 3575 1506 3639 immunitates
1602 3583 1960 3640 cessarent.
1986 3573 2065 3659 ¹⁴)
2194 3575 2361 3640 Item

67 3678 298 3723 comes
373 3658 588 3722 Guido
659 3659 908 3724 civibus
980 3660 1646 3742 Ardenburgensibus
1739 3662 1954 3743 pretio
2049 3660 2359 3724 librarum

295 3955 362 4024 ¹²)
433 3959 516 4011 De
554 3961 652 4013 hac
689 3980 746 4015 re
785 3967 903 4015 vide
927 3965 1238 4016 Par-dossum
1277 3969 1330 4017 in
1371 3983 1531 4032 opere
1557 3969 1694 4030 quod
1720 3969 2043 4018 inscribitur:
2083 3965 2357 4017 collection

72 4031 146 4078 de
187 4029 290 4077 luis
327 4032 612 4083 maritimes
651 4035 837 4093 (Paris.
881 4039 912 4091 6
952 4044 1077 4085 tom.
1123 4038 1258 4092 1836
1297 4039 1431 4104 squ.)
1468 4046 1596 4088 tom.
1634 4040 1675 4091 Ι.
1716 4053 1828 4103 cap.
1868 4039 1900 4091 8
1958 4051 2067 4101 squ.
2108 4044 2160 4086 et
2196 4038 2254 4086 C·
2294 4036 2359 4084 de

65 4100 414 4151 Kaltenborn
455 4103 802 4167 (Grundsitze
840 4107 931 4158 des
969 4123 1149 4172 europ.
1189 4107 1480 4162 SecrechtS.
1521 4111 1553 4163 2
1592 4119 1716 4159 tom.
1755 4109 1927 4160 Berol.
1957 4106 2275 4174 1857)}tom.
2317 4105 2359 4154 1.

59 4171 144 4235 §§.
197 4172 442 4227 11—14.
481 4201 554 4212 -—
593 4177 726 4227 Vide
762 4179 902 4228 infra
939 4186 1117 4228 notam
1162 4180 1241 4232 18.
2181 4233 2185 4238 .

290 4239 354 4308 ⁸³)
427 4243 636 4310 Brngae
713 4249 898 4313 ingens
964 4256 1089 4299 tunc
1163 4252 1414 4315 temporis
1502 4253 1867 4301 commercium
1934 4256 1987 4300 et
2041 4248 2359 4314 opulentiam

59 4311 350 4375 descripsit
403 4315 788 4383 Warnkoenig‚
851 4319 1163 4370 flandrischc
1204 4321 1699 4387 Rechtsgeschiehte
1738 4323 1804 4376 Π.
1854 4327 1898 4376 1.
1936 4337 1987 4384 p.
2033 4323 2146 4374 121.
2184 4326 2235 4368 et
2273 4332 2359 4380 ΒΡ·

55 4383 224 4446 pond.
263 4399 344 4438 nr.
384 4387 608 4438 Lxx1.
649 4395 701 4438 et
737 4390 999 4441 Lxx11.
1039 4392 1108 4456 (p.
1157 4395 1254 4447 146
1293 4393 1426 4457 squ.)

288 4452 358 4519 ⁸⁴)
433 4457 811 4524 wamkoen÷g‚
846 4461 1038 4512 ibidem
1077 4464 1132 4512 in
1170 4464 1456 4527 appendice
1494 4480 1542 4527 p.
1590 4465 1704 4517 179.
1746 4465 1843 4527 (nr.
1886 4459 2089 4522 XCV.)
