2950 4992
1483 381 1905 444 ...23...

559 537 950 600 emendandi
991 542 1060 601 et
1095 537 1489 598 recensendi
1534 536 1767 599 molem
1800 536 2013 599 denuo
2048 535 2449 600 sustinuerit.
2537 536 2831 618 Namque

562 622 692 684 etsi
731 621 1048 686 Mollerus
1091 621 1159 682 in
1203 619 1613 684 archivorum
1657 621 2117 702 manuscriptis
2172 622 2579 686 recensionis
2623 642 2831 684 novae

562 712 756 769 autor
791 727 1108 788 nusquam
1153 724 1466 786 expresse
1512 706 1898 787 nominetur,
1960 726 2042 769 ex
2094 707 2244 787 ipsa
2286 708 2831 788 manusriptorum

561 790 732 854 facie
801 813 946 855 eum
1007 796 1302 854 autorem
1368 789 1574 854 fuisse
1618 791 1765 854 luce
1813 791 2051 854 clarius
2095 798 2394 873 apparet.
2480 791 2833 874 Exemplar

563 876 820 940 scilicet
874 882 1265 940 statutorum
1320 876 1472 938 anni
1522 877 1685 939 1603
1730 896 1859 958 quo
1912 876 2001 939 ad
2046 876 2518 940 emendandum
2562 882 2827 940 senatus

561 981 718 1023 usus
767 967 887 1041 est,
921 961 1066 1042 jam
1109 979 1278 1023 nunc
1325 966 1563 1041 exstat,
1609 961 1677 1023 in
1722 981 1852 1042 quo
1898 981 1938 1023 a
1980 960 2241 1025 Molleri
2282 963 2431 1044 ipsa
2472 983 2666 1024 manu
2704 979 2831 1023 non

565 1046 774 1108 solam
839 1065 1063 1109 omnes
1132 1046 1624 1108 emendationes
1694 1053 1763 1110 et
1821 1046 2266 1110 additamenta
2330 1067 2499 1128 quae
2552 1047 2621 1109 in
2665 1067 2833 1109 nova

560 1130 950 1194 recensione
995 1131 1146 1194 anni
1195 1131 1360 1193 1605
1403 1131 1835 1211 inveniuntur,
1910 1132 2159 1214 scripta
2224 1139 2391 1212 sunt,
2464 1132 2583 1195 sed
2640 1132 2829 1194 etiam

561 1213 830 1298 (partim
893 1216 962 1278 in
1029 1215 1366 1278 dissolutis
1433 1215 1693 1298 paginis
1759 1221 1827 1280 et
1878 1217 2123 1279 tabulis
2179 1237 2345 1297 quae
2392 1217 2827 1298 manuscripto

560 1300 780 1363 codici
819 1301 1110 1364 insertae
1157 1299 1330 1382 sunt)
1379 1303 1462 1363 ab
1511 1302 1739 1364 eadem
1782 1321 1973 1364 manu
2016 1301 2286 1365 aliarum
2330 1308 2529 1365 notae
2576 1306 2645 1363 et
2681 1301 2829 1363 line-

560 1391 821 1448 amenta
865 1385 1388 1448 emendationum
1433 1386 1741 1468 deposita
1785 1391 1951 1466 sunt,
2018 1407 2187 1468 quae
2233 1391 2471 1468 postea
2505 1387 2573 1449 in
2604 1406 2825 1449 novum

559 1469 860 1536 codicem
903 1490 1034 1533 non
1069 1469 1412 1550 transiere,
1461 1471 1603 1534 sine
1650 1470 1847 1534 dubio
1907 1471 2057 1552 quia
2110 1493 2150 1535 a
2203 1478 2435 1535 senatu
2489 1470 2597 1534 vel
2646 1471 2826 1534 colle·

557 1554 674 1636 gio
723 1555 1050 1618 seniorum
1094 1575 1226 1618 non
1273 1560 1425 1618 sunt
1469 1557 1957 1637 comprobatae.
2403 1559 2409 1563 ’

771 1641 1082 1704 Attamen
1145 1641 1324 1721 quod
1391 1641 1773 1722 specialiter
1836 1641 1924 1703 ad
1988 1660 2199 1704 novae
2271 1639 2681 1704 recensionis
2744 1641 2824 1702 de

560 1724 898 1787 cambiis
959 1725 1218 1788 titulum
1282 1727 1595 1807 pertinet,
1660 1725 1743 1788 de
1800 1726 2007 1788 hocce
2058 1726 2127 1788 in
2168 1727 2299 1789 ist-o
2348 1727 2578 1789 codice
2623 1746 2825 1787 manu-

563 1809 812 1890 scripto
857 1810 940 1872 ab
985 1809 1247 1872 Molleri
1294 1815 1408 1872 aut
1451 1810 1724 1873 alterius
1774 1830 1964 1872 manu
2019 1810 2179 1873 nihil
2235 1812 2551 1894 scriptum
2592 1810 2824 1873 inveni-

558 1899 684 1955 tur.
771 1893 1202 1957 Nihilominus
1251 1895 1306 1958 si
1352 1900 1745 1958 statutorum
1792 1895 2117 1958 editiones
2158 1896 2309 1959 anni
2367 1897 2530 1959 1603
2587 1901 2655 1958 et
2684 1894 2823 1958 anni

565 1979 728 2040 1605
777 1979 1278 2061 comparaveriS,
1324 1999 1719 2062 permagnas
1772 1987 1969 2061 atque
2024 1981 2387 2063 complures
2434 1980 2819 2044 emendatio-

559 2081 682 2128 nes
728 2062 939 2127 factas
987 2083 1134 2127 esse
1181 2064 1375 2128 facile
1421 2063 1775 2148 intelliges,
1819 2064 2139 2146 siquidem
2184 2066 2265 2129 de
2310 2066 2579 2130 cambiis
2609 2065 2825 2128 titulus

557 2168 604 2214 a
657 2149 938 2230 quinque
983 2150 1068 2212 ad
1115 2149 1460 2212 duodecim
1504 2150 1819 2213 articulos
1866 2150 2181 2213 adcrevit.
2292 2151 2529 2214 Certos
2574 2151 2825 2213 omnino

480 2304 488 2310 ⁵
569 2234 677 2312 qui
741 2234 852 2316 jus
927 2234 1247 2298 cambia-le
1321 2235 1813 2298 emendaverint
1881 2235 2059 2298 viros
2126 2236 2460 2298 nominare
2524 2255 2824 2316 nequeas,

556 2317 906 2382 Enimvero
953 2319 1196 2383 haecce
1227 2320 1489 2400 quidem
1518 2325 1769 2382 tantum
1800 2321 2207 2383 documentis
2242 2321 2660 2402 comprobari
2688 2339 2825 2402 pos·

561 2409 730 2465 sunt.
821 2403 1100 2467 Senatus
1164 2404 1424 2484 quidem
1488 2404 1557 2467 in
1626 2405 1895 2468 decreto
1964 2404 2195 2468 civium
2264 2406 2547 2486 collegio
2610 2405 2716 2468 die
2773 2407 2823 2466 3.

561 2487 756 2550 Mart.
805 2489 954 2551 anni
1005 2490 1172 2551 1604
1214 2489 1458 2551 tradito
1506 2509 1626 2552 nos
1675 2489 1889 2570 docet,
1930 2490 2097 2552 hanc
2132 2491 2213 2553 de
2255 2491 2522 2554 cambiis
2569 2490 2827 2553 revisio-

563 2592 712 2636 nem
757 2573 1180 2654 complurium
1249 2579 1703 2637 senatorum
1765 2580 1832 2637 et
1896 2581 2433 2638 mercatorum
2500 2580 2698 2656 atque
2743 2575 2829 2636 uti

561 2657 716 2720 mihi
757 2658 1015 2722 videtur
1061 2679 1472 2742 campsorum
1512 2679 1637 2741 ope
1670 2666 1867 2740 atque
1899 2660 2141 2722 auxilio
2176 2679 2323 2723 esse
2354 2657 2826 2741 perfectumffl)

560 2742 648 2804 Et
693 2764 1076 2825 quamquam
1140 2744 1494 2808 verisimile
1563 2750 1683 2823 est,
1752 2745 1929 2807 inter
1990 2745 2191 2807 hosce
2252 2752 2594 2808 senatores
2644 2746 2828 2808 etiam

561 2828 907 2892 Mollerum
937 2828 1161 2910 fuisse,
1209 2835 1428 2892 tamen
1457 2829 1871 2892 verisimilius
1903 2829 2057 2892 mihi
2089 2829 2346 2910 quidem
2376 2830 2637 2892 videtur
2668 2851 2825 2907 esse,

562 2915 754 2994 quod'
785 2914 831 2976 ii
877 2920 1238 2993 senatorcS,
1311 2914 1421 2994 qui
1486 2914 1553 2976 in
1619 2915 1828 2995 prima
1874 2919 2264 2976 statutorum
2331 2915 2622 2978 editione
2667 2935 2827 2978 anno

568 3001 730 3061 1603
787 3000 902 3081 jus
965 2999 1280 3062 cambiale
1347 3003 1422 3059 ut
1490 2998 1913 3061 absolverent
1944 2999 2121 3080 jussi
2164 2998 2440 3079 fuerant,
2512 3000 2711 3064 etiam
2752 2999 2827 3062 ad

563 3083 754 3164 hujus
799 3084 973 3146 tituli
1017 3103 1252 3146 novam
1295 3082 1689 3146 revisionem
1718 3084 2127 3164 potissimum
2156 3084 2607 3164 incubuerunt,
2654 3104 2829 3167 prae-

567 3168 756 3250 cipue
828 3168 1105 3230 Hinrich
1177 3167 1656 3246 Wichmann‚
1746 3169 1985 3232 deinde
2070 3169 2264 3232 ctiam
2336 3169 2615 3232 Hinrich
2690 3189 2829 3232 von

567 3252 1110 3334 Spreckelsen
1157 3257 1224 3316 et
1266 3251 1545 3315 Hinrich
1593 3251 1817 3334 Sylm.
1917 3254 2019 3318 De
2063 3254 2429 3318 nominibus
2474 3275 2635 3318 vero
2680 3275 2831 3316 mer-

567 3344 860 3401 catorum
905 3357 1068 3420 quos
1116 3344 1381 3400 senatus
1427 3338 1794 3419 adduxerit,
1863 3359 1945 3401 ne
1993 3339 2285 3402 divinare
2355 3340 2614 3420 quidem
2659 3340 2826 3416 licet,

571 3443 715 3484 cum
761 3423 980 3486 fontes
1025 3422 1236 3486 no‘stri
1283 3423 1364 3486 de
1426 3423 1507 3486 iis
1553 3423 1713 3486 nihil
1770 3424 2044 3506 amplius
2092 3431 2617 3488 commemorent.
2706 3425 2829 3487 Pro

552 3509 752 3572 ‘certo
821 3509 1082 3590 quidem
1155 3513 1505 3590 praeterea
1568 3507 1698 3570 hoc
1761 3509 2207 3572 tantummodo
2282 3509 2651 3572 habendum
2720 3515 2828 3586 est,

566 3594 792 3656 ultimo
861 3594 956 3656 uti
1021 3593 1384 3674 putaverim
1459 3593 1712 3656 demum
1767 3593 1939 3674 juris
2011 3593 2343 3656 cambialis
2388 3594 2733 3657 revidendi
2773 3595 2831 3656 in

567 3680 783 3763 spatio
852 3680 1148 3742 seniores
1217 3678 1531 3759 quosdam
1588 3679 1965 3759 superiores
2013 3677 2475 3760 (Oberalte)
2524 3700 2564 3742 a
2610 3687 2832 3743 senatu

566 3922 819 3984 quaedam
878 3921 1141 3984 publicata
1195 3928 1272 3970 est
1326 3922 1378 3969 in
1429 3921 1539 3984 Jam
1596 3921 1755 3969 citato
1811 3919 2081 3970 Thesauro
2135 3918 2439 3983 provinciali
2511 3917 2661 3982 (tom.
2702 3917 2742 3966 1.
2789 3933 2829 3980 p.

569 3991 916 4056 849-861),
953 4007 1262 4054 quamquam
1299 4008 1491 4041 nomen
1526 3993 1723 4040 autoris
1759 3992 2043 4041 editoribus
2079 4006 2183 4040 non
2218 3999 2398 4039 notum
2436 3989 2595 4038 fuisse
2622 3990 2831 4039 videtur.

569 4067 634 4114 cf.
674 4065 954 4114 editionem
995 4071 1114 4112 stat.
1149 4063 1322 4112 Hamb
1380 4064 1443 4112 ab
1483 4079 1621 4112 anno
1672 4063 1803 4116 1842
1843 4062 1979 4126 (pag.
2021 4062 2232 4126 XXV.),
2280 4062 2332 4110 in
2380 4076 2483 4122 qua
2517 4061 2633 4126 ipsa
2668 4069 2831 4124 partes

567 4136 1059 4185 commentariorum
1099 4143 1152 4184 et
1187 4135 1394 4184 Molleri
1429 4143 1479 4184 et
1512 4135 1731 4184 aliorum
1772 4136 1964 4183 multae
2000 4135 2052 4181 in
2090 4141 2239 4182 notas
2278 4139 2515 4196 receptae
2553 4141 2691 4187 sunt.

775 4203 844 4271 θ’)
921 4205 1143 4255 Senatus
1203 4205 1358 4254 dixit:
1435 4207 1569 4261 ..Als
1622 4207 1715 4254 hat
1768 4207 1826 4255 Ε.
1864 4207 1925 4258 Ε.
1964 4205 2102 4254 Raht
2156 4204 2316 4254 durch
2370 4203 2641 4253 Personen
2698 4203 2833 4252 lhres

566 4278 657 4343 (sc.
699 4277 929 4342 senatus)
969 4278 1164 4327 Mittels
1221 4277 1321 4326 und
1377 4277 1565 4326 etlichc
1602 4278 1905 4328 Persohnen
1964 4292 2063 4326 von
2121 4277 2213 4326 der
2248 4275 2413 4324 Bdrsc
2462 4275 2545 4323 dic
2584 4273 2833 4324 Weclxsel-

571 4349 811 4413 ordnung
848 4357 1009 4399 etwas
1047 4349 1236 4398 anders
1274 4348 1376 4396 und
1413 4349 1492 4396 uff
1524 4351 1619 4398 Art
1656 4350 1759 4397 und
1798 4350 1991 4408 Weiss,
2028 4349 2128 4398 wie
2154 4346 2504 4397 lnie1·mitwi1·t
2528 4345 2833 4410 iiber-geben,

571 4421 834 4469 versassen
873 4422 1091 4470 lassem‘·
1173 4420 1240 4470 cf.
1275 4420 1410 4472 Edit.
1450 4427 1567 4468 stat.
1608 4421 1795 4474 Hamb.
1836 4421 1957 4469 anni
2003 4419 2135 4472 1842
2173 4421 2225 4466 in
2263 4418 2663 4466 introductione.
