2950 4992
1509 381 1929 449 -10,

579 542 801 606 officio
849 539 1215 603 sacerdotis
1262 539 1372 602 lib.
1423 541 1481 602 5.
1528 560 1671 622 cap.
1722 543 1801 604 22
1850 547 1917 604 et
1962 558 2102 620 squ.
2150 539 2562 604 Fabianus
2610 541 2870 604 Genu-

585 621 1198 776 ggsciasmliilistmct‘
1265 625 1346 686 de
1417 627 1704 705 cambiis,
1778 633 1845 688 et
1907 625 2443 706 Hieronymus
2512 627 2605 688 de
2649 624 2878 688 Luca

798 835 1116 900 Profecto
1172 833 1431 897 Rotae
1503 833 1824 897 Genuae
1894 833 2424 915 decisionum,
2492 829 2559 897 in
2628 835 2876 915 quibus

579 922 821 986 multae
869 939 1141 982 caussae
1209 919 1561 982 cambiales
1627 919 2059 999 inveniuntur,
2129 924 2282 982 ante
2348 920 2875 1000 publicationem

585 1007 836 1070 cambia
901 1004 987 1067 ad
1053 1009 1258 1066 artem
1313 1004 1487 1086 juris
1556 1023 1595 1066 a
1626 1003 2103 1086 jureconsultis
2170 1023 2300 1065 non
2355 1011 2506 1067 sunt
2558 1010 2874 1082 tractata,

583 1109 750 1172 quae
815 1089 1074 1170 quidem
1121 1089 1397 1151 consilia
1441 1089 1801 1169 genuensia
1854 1094 2131 1170 propter
2189 1107 2411 1151 eorum
2456 1089 2736 1152 formam
2788 1093 2875 1151 at-

585 1196 711 1259 que
742 1179 1188 1257 argumentum
1235 1172 1438 1236 saecli
1486 1174 1737 1236 demum
1780 1171 1965 1234 XVI.
2012 1170 2199 1234 initio
2247 1179 2395 1235 orta
2440 1180 2509 1237 et
2536 1194 2576 1236 a
2601 1174 2875 1255 privato

585 1261 867 1342 quodam
898 1259 1128 1341 judice
1177 1258 1460 1321 collecta
1506 1277 1655 1320 esse
1687 1254 2117 1340 videntur.²⁵)
2173 1256 2434 1320 Rotae
2480 1278 2679 1321 vero
2730 1255 2873 1320 Ro·

583 1365 858 1409 manae
906 1343 1279 1406 decisiones
1345 1341 1548 1405 multo
1615 1343 1824 1407 minus
1890 1342 1977 1404 ad
2019 1348 2452 1405 mercaturam
2504 1349 2571 1406 et
2614 1343 2874 1406 cambia

588 1430 942 1513 pertinent,
1015 1426 1135 1490 sed
1181 1445 1348 1506 quae
1413 1427 1589 1490 inter
1654 1425 2025 1506 antiquiora
2066 1426 2282 1490 Rotae
2323 1426 2659 1491 Romanae
2723 1448 2874 1490 con-

585 1515 733 1578 silia
779 1511 1178 1578 cambiorum
1211 1511 1371 1594 jura
1417 1512 1839 1592 constituunt,
1890 1517 2043 1574 sunt
2096 1511 2382 1575 collecta
2436 1518 2505 1575 et
2550 1531 2871 1575 commen-

581 1599 768 1664 tariis
814 1599 1140 1661 instructa
1185 1597 1268 1659 ab
1313 1595 1657 1678 Raphaele
1705 1597 1787 1660 de
1835 1595 2031 1658 Turri
2075 1595 2117 1659 l.
2167 1617 2220 1659 c.
2252 1591 2338 1678 ²⁶)

791 1721 1009 1785 Etiam
1071 1721 1380 1785 Andreae
1442 1719 1884 1804 Aleiati‚²⁷)
1979 1723 2089 1802 qui
2145 1722 2360 1785 Ticini
2432 1723 2597 1786 1550
2680 1743 2862 1786 anno

583 1807 802 1890 periit,
853 1805 1204 1870 cambiales
1251 1806 1613 1888 doctrinae,
1674 1826 1842 1887 quae
1897 1807 1964 1869 in
2019 1807 2161 1888 ejus
2204 1806 2575 1889 Responsis
2619 1806 2870 1872 inveni-

585 1898 797 1972 untur,
843 1889 1114 1953 levioris
1158 1891 1467 1954 momenti
1513 1897 1681 1972 sunt,
1729 1909 1943 1971 neque
1991 1891 2251 1954 omnino
2297 1909 2507 1972 usque
2572 1892 2661 1957 ad
2729 1911 2873 1956 sae-

586 1976 754 2041 clum
819 1973 1037 2036 XVII.
1107 1975 1468 2056 scriptores
1536 1987 1759 2039 veram
1834 1976 2231 2040 cambiorum
2275 1981 2574 2041 naturam
2616 1978 2874 2040 rectius

584 2060 978 2141 intelligunt,
1027 2059 1148 2122 sed
1191 2058 1490 2124 Romano
1525 2060 1663 2143 juri
1708 2061 1856 2144 plus
1890 2079 2081 2141 quam
2115 2060 2369 2144 justum
2414 2067 2519 2126 est
2546 2063 2875 2144 propensi

584 2143 882 2209 Romano
929 2144 1182 2206 cambia
1227 2145 1382 2226 jure
1438 2165 1753 2227 perverse
1809 2145 2221 2227 pertractare
2276 2146 2563 2211 student.
2648 2145 2715 2208 N
2718 2148 2875 2209 omi-

586 2249 745 2294 nare
793 2227 1077 2291 sufficiet
1143 2231 1253 2308 qni
1319 2228 1687 2312 singulares
1730 2231 1876 2294 istis
1922 2231 2326 2312 temporibus
2374 2236 2442 2296 et
2505 2237 2659 2294 ante
2732 2251 2875 2294 sae·

587 2316 756 2378 clum
808 2311 1028 2375 XVII.
1097 2312 1180 2376 de
1249 2315 1519 2378 cambiis
1584 2314 1848 2378 libellos
1908 2315 2425 2398 conscripserint
2468 2315 2711 2396 quique
2774 2337 2875 2379 us·

589 2417 716 2480 que
761 2398 847 2460 ad
891 2399 1062 2460 hunc
1109 2397 1280 2462 diem
1323 2419 1364 2461 a
1393 2399 1650 2463 nemine
1676 2419 1901 2464 omnes
1927 2400 2325 2482 conjunctim
2348 2400 2663 2464 nominati
2698 2409 2872 2464 sunt.

800 2481 850 2545 O
871 2487 1053 2544 otru
1073 2482 1216 2563 gli,
1253 2483 1362 2562 qui
1387 2483 1565 2547 circa
1592 2486 1754 2547 1460
1779 2485 2129 2566 scripsisse
2156 2485 2421 2548 dicitur:
2465 2485 2687 2565 „della
2708 2505 2877 2548 mer-

591 2567 875 2646 catura“,
924 2567 1034 2646 qui
1077 2566 1247 2630 liber
1289 2567 1529 2650 Venet,
1583 2561 1747 2634 1573
1790 2569 1977 2652 prelo
2024 2571 2238 2632 editus
2272 2576 2394 2633 est.
2480 2569 2631 2633 Joh.
2684 2569 2877 2633 Gon·

587 2651 995 2730 sobrinus,
1065 2658 1256 2715 natus
1319 2651 1633 2735 Lisboae,
1726 2654 2191 2718 celeberrimus
2256 2654 2682 2737 praedicator
2750 2654 2881 2718 fuit

586 2743 656 2800 et
709 2735 998 2799 confecit
1081 2741 1430 2801 tractatum
1499 2739 1581 2802 de
1635 2739 1903 2821 justitia
1958 2740 2434 2818 commutativa,
2505 2745 2645 2802 arte
2704 2759 2877 2803 cam·

585 2840 852 2904 psorum
895 2840 974 2884 ac
997 2821 1284 2885 alearum
1307 2822 1495 2905 ludo;
1542 2842 1732 2903 quem
1778 2824 2036 2903 quidem
2063 2824 2354 2888 libellum
2382 2822 2655 2888 Parisiis
2698 2845 2876 2889 anno

589 2906 753 2969 1483
797 2905 1070 2988 primum
1113 2906 1180 2968 in
1202 2907 1414 2970 lucem
1435 2909 1699 2972 venisse
1745 2909 1987 2988 dicunt,
2036 2910 2214 2989 quod
2236 2929 2365 2990 ego
2386 2908 2457 2972 in
2480 2907 2681 2972 dubio
2726 2929 2879 2973 esse

588 2999 830 3054 censeo
842 3011 858 3071 3
903 2988 1194 3052 Joecher
1237 3011 1471 3054 annum
1522 2994 1685 3055 1496
1730 2993 2017 3075 scripsit.
2206 2989 2211 2994 ’

737 3140 742 3144 ·
798 3114 945 3178 Ser
986 3114 1316 3194 Pacino,
1375 3116 1457 3179 de
1504 3118 1798 3198 costumi,
1848 3117 2075 3199 cambi,
2141 3121 2420 3195 monete,
2468 3121 2614 3204 pesi
2664 3141 2708 3184 e
2770 3123 2879 3184 mi-

587 3219 757 3281 sure,
807 3198 980 3262 delle
1002 3198 1240 3262 lettere
1266 3199 1332 3260 di
1357 3203 1611 3265 cambio
1638 3209 1705 3266 et
1728 3203 1810 3266 de
1846 3202 2106 3264 termini
2130 3207 2253 3265 etc.
2277 3201 2343 3264 in
2376 3201 2635 3269 diverse
2664 3211 2880 3270 terre.

790 3465 863 3533 ²⁵)
936 3471 1110 3519 Editio
1164 3471 1418 3536 princeps,
1457 3472 1670 3524 Genuae
1726 3489 1864 3523 anno
1918 3474 2135 3528 incerto.
2245 3474 2451 3526 Deinde
2526 3476 2697 3526 editae
2762 3487 2885 3528 sunt

582 3541 715 3589 istae
753 3539 1040 3591 decisiones
1077 3555 1110 3590 a
1145 3541 1384 3591 Bellonio
1423 3545 1608 3599 Venet.
1654 3545 1807 3598 1552.
1882 3547 2033 3595 Aliae
2071 3547 2323 3596 editiones
2367 3549 2703 3597 inveniuntur
2746 3551 2887 3614 Lng-

587 3613 713 3661 duni
749 3611 940 3676 (Lyon)
986 3613 1121 3666 1592
1161 3620 1214 3662 et
1248 3614 1579 3664 Francosnrti
1623 3617 1779 3669 1612.
1817 3629 1985 3679 neque
2022 3618 2191 3666 minus
2230 3618 2517 3668 decisiones
2555 3622 2886 3683 praemissae

586 3688 706 3732 sunt
743 3682 813 3748 (p.
860 3683 1113 3737 1—340)
1171 3684 1484 3735 editionibus
1540 3688 1713 3750 operis
1763 3688 1905 3750 quod
1938 3689 2145 3752 scripsit
2184 3687 2435 3740 Straccha
2474 3690 2538 3739 de
2574 3699 2889 3741 mercatura

587 3761 639 3803 et
677 3755 890 3804 cambiis
926 3755 1112 3809 Colon.
1167 3756 1302 3808 1622
1351 3763 1403 3805 et
1440 3759 1798 3808 Amselodami
1846 3760 2000 3813 1669.
2053 3785 2125 3795 -·-
2174 3761 2239 3812 cf.
2278 3760 2576 3823 Bienerum,
2615 3761 2887 3812 Abhand-

585 3826 779 3889 lungen
805 3828 958 3948 8cinni
1000 3826 1154 3881 1846.
1213 3827 1254 3880 1.
1297 3827 1363 3880 97
1377 3844 1390 3888 ς
1451 3828 1697 3892 ejusdem,
1771 3829 2200 3883 Wechselrechtl.
2241 3831 2658 3896 Abhandiungsn
2716 3833 2887 3888 1859.

585 3912 636 3959 Ρ.
677 3897 766 3958 82,
839 3897 890 3951 3.

772 3988 841 4054 ²⁶)
912 3992 995 4043 De
1029 3991 1170 4042 Rota
1203 3992 1444 4044 Romana
1501 3995 1556 4044 in
1612 3997 1909 4046 universum
1964 3998 2205 4062 inspicies
2250 3997 2555 4054 Richterum
2594 3997 2889 4057 (Kb-chen·

586 4063 759 4124 recht3
815 4065 938 4118 edit.
980 4065 1044 4117 V.
1090 4063 1226 4118 1858
1266 4064 1311 4127 ξ.
1355 4065 1456 4120 158
1494 4066 1637 4118 Nota
1672 4066 1727 4132 2)
1786 4074 1838 4118 et
1874 4067 2168 4119 Walterum
2200 4069 2600 4134 (Kirchenrccht
2654 4071 2747 4125 ed.
2796 4075 2889 4127 11,

585 4133 631 4197 §-
676 4133 835 4200 133.).
872 4133 1042 4186 Rotae
1077 4133 1231 4199 hujus
1268 4135 1560 4187 decisiones
1597 4139 1771 4190 saeclo
1808 4140 1920 4204 jam
1938 4141 2058 4192 XV.
2098 4141 2349 4190 collectae
2384 4147 2521 4195 snnt.
2595 4140 2738 4192 Vide
2782 4144 2895 4195 Ra-

581 4204 822 4269 phaelem
856 4206 922 4257 de
959 4205 1115 4256 Tun-i
1153 4213 1305 4260 tract.
1347 4208 1412 4257 de
1450 4209 1619 4262 camb.
1658 4209 1783 4264 edit.
1820 4210 2064 4260 Francos.
2110 4212 2247 4264 1645
2284 4227 2335 4274 Ρ.
2377 4211 2707 4266 341—403.

787 4299 860 4368 ²⁷)
933 4305 1162 4369 Aliciati,
1215 4320 1466 4372 responsa
1500 4303 1661 4360 Rasin.
1704 4306 1861 4362 1605.
1918 4307 2009 4362 lib.
2048 4308 2114 4363 V.
2154 4323 2297 4364 cons.
2336 4310 2405 4363 97
2462 4307 2539 4374 (in
2588 4309 2700 4360 edit
2738 4312 2897 4378 Lug·-

587 4373 709 4428 dnn.
758 4387 901 4429 cons.
937 4377 1084 4443 337).
1155 4375 1345 4428 Bienor
1381 4375 1805 4431 Wechselrechtl.
1840 4378 2261 4443 Abhandlungen
2300 4381 2458 4436 1859.
2496 4396 2547 4446 Ρ.
2588 4381 2677 4435 82.
