2950 4992
1524 419 1947 484 ...m-

601 570 777 636 mille
833 571 988 636 dato
1032 571 1146 654 jus
1201 573 1567 638 cambiandi
1622 574 1713 658 (le
1774 572 2040 657 cange),
2104 593 2233 654 quo
2286 594 2489 654 usquc
2548 574 2633 636 ad
2700 573 2879 637 istud

600 662 856 806 {cippus
902 658 1194 804 dgirdiinus
1237 657 1491 741 Rogier
1544 660 1627 724 de
1670 658 2187 740 Harcheberghe
2239 658 2656 738 excelluerat‚
2710 679 2879 722 anno

733 744 770 804 9
813 761 940 805 ven
987 742 1010 804 i
1057 743 1128 805 it.

809 825 990 908 Ergo
1049 847 1458 909 campsorum
1506 828 1811 909 ‚activitas
1846 827 1987 911 jam
2034 825 2255 890 saeclo
2299 824 2483 889 XIII.
2544 847 2668 909 per
2735 827 2877 888 Bel-

601 911 777 991 giam
835 931 969 973 non
1031 931 1236 992 parva
1299 911 1503 976 fuisse
1563 912 1821 982 videtur
1884 917 2081 994 atque
2144 910 2496 974 verisimile
2564 916 2686 991 est,
2744 911 2879 992 jam

600 995 971 1075 posteriore
1017 996 1256 1078 saeclo,
1307 1016 1433 1077 quo
1480 1017 1601 1079 per
1645 996 1900 1062 italicas
1948 1003 2014 1060 et
2057 995 2331 1078 gallicas
2374 997 2687 1077 regiones
2744 1015 2879 1058 sen-

603 1079 724 1140 sim
785 1081 1222 1143 recentiorum
1287 1081 1683 1154 cambiorum
1745 1100 1900 1144 usus
1966 1080 2455 1160 efflorescebat,
2504 1079 2629 1142 'vel
2698 1085 2877 1143 certe

603 1163 825 1226 saeclo
869 1162 1020 1228 XV.
1063 1165 1132 1227 in
1174 1167 1370 1230 terris
1415 1166 1691 1248 belgicis
1749 1165 2089 1230 cambialia
2162 1165 2551 1228 recentioris
2612 1165 2877 1245 generis

601 1248 870 1328 negotia
933 1249 1134 1312 multa
1198 1251 1488 1314 exercita
1551 1251 1775 1314 fuisse.
1880 1252 1973 1313 At
2035 1270 2193 1313 vero
2261 1249 2537 1312 fontium
2599 1256 2875 1331 propter

651 1333 938 1395 enuriam
1000 1353 1208 1415 usque
1273 1334 1358 1398 ad
1423 1335 1593 1399 hunc
1660 1335 1831 1399 diem
1898 1335 1979 1398 de
2035 1335 2137 1398 his
2178 1333 2341 1396 nihil
2386 1335 2551 1397 certi
2595 1339 2872 1410 constat,

637 1416 766 1480 ’cet
805 1417 946 1500 jam
1005 1438 1174 1481 anno
1226 1421 1390 1482 1310
1447 1420 1539 1482 ibi
1595 1420 2020 1483 assecurandi
2070 1425 2139 1483 et
2194 1417 2559 1482 cambiandi
2600 1420 2873 1499 negotia

603 1507 878 1581 peracta
922 1521 1070 1565 esse
1113 1503 1313 1584 vulgo
1358 1505 1719 1568 tradantur.
1806 1503 2145 1567 Historiae
2198 1507 2416 1566 autem
2471 1502 2872 1566 documentis

605 1587 1048 1649 tantummodo
1095 1595 1375 1670 constat,
1425 1589 1646 1654 saeclo
1682 1588 1867 1652 XVI.
1914 1589 2015 1651 his
2057 1589 2128 1650 in
2169 1587 2548 1669 regionibus
2596 1588 2873 1650 cambia

603 1679 746 1731 rum
785 1671 1225 1735 recentiorum
1268 1695 1452 1737 usum
1498 1675 1665 1738 adeo
1712 1673 2112 1755 divulgatum
2157 1673 2379 1752 fuisse,
2427 1678 2498 1734 ut
2542 1672 2872 1752 magistra-

605 1754 780 1816 tibus
827 1757 1268 1821 necessarium
1325 1779 1474 1822 esse
1528 1759 1880 1836 videretur,
1938 1764 2009 1821 ut
2059 1757 2245 1838 leges
2290 1756 2873 1839 promulgarentur,

607 1838 840 1919 quibus
887 1841 1280 1904 cambiorum
1305 1844 1694 1906 commercia
1716 1842 1943 1906 melius
1978 1843 2534 1906 constituerentur
2564 1846 2631 1903 et
2658 1842 2875 1903 variae

607 1925 1098 1988 controversiae
1155 1926 1633 1992 deciderentur.
1733 1928 1882 1991 Huc
1936 1927 2172 2007 referri
2228 1927 2475 1990 debent
2530 1924 2766 1988 Caroli
2810 1925 2874 1986 V.

605 2005 1018 2088 imperatoris
1065 2009 1146 2072 de
1194 2012 1460 2075 cambiis
1520 2019 1587 2076 et
1640 2012 1954 2076 similibus
2011 2011 2296 2093 negotiis
2356 2010 2874 2086 constitutiones¹

608 2111 774 2172 quae
817 2093 1002 2157 annis
1053 2087 1234 2174 1537,
1288 2098 1449 2160 1539
1498 2104 1565 2161 et
1613 2099 1771 2161 1541
1812 2096 2063 2178 Belgis,
2108 2095 2402 2177 inprimis
2432 2093 2877 2175 Antwer‘pien-

607 2176 788 2240 sibus
841 2179 1294 2262 promulgatae
1339 2188 1507 2245 sunt.
1598 2182 1687 2264 (V
1691 2182 1797 2244 ide
1846 2179 1898 2264 ἕ.
1946 2183 1985 2243 3
2036 2187 2258 2243 notam
2298 2177 2432 2260 43.)
2520 2179 2667 2241 Huc
2732 2198 2877 2242 vero

608 2262 962 2344 praecipue
1015 2265 1306 2345 pertinet
1363 2265 1479 2330 illa
1520 2267 1695 2348 juris
1754 2265 2091 2346 cambia-lis
2139 2264 2464 2344 collecti0‚
2514 2282 2683 2344 quae
2736 2265 2877 2325 Ant

607 2347 894 2428 werpiae
958 2349 1280 2428 confecta,
1345 2351 1666 2433 inscripta
1711 2357 1840 2414 est:
1914 2349 2265 2413 Rechten
2323 2369 2414 2412 en
2460 2353 2878 2410 costumen

607 2451 755 2492 van
821 2433 1310 2514 Antwerpen
1364 2454 1507 2498 van
1550 2435 1951 2500 Wisselen
1992 2434 2034 2496 i.
2083 2455 2138 2498 e.
2188 2435 2269 2498 de
2315 2433 2583 2496 cambiis
2616 2431 2789 2512 jura
2832 2443 2879 2493 et

607 2516 1112 2580 consuetudines
1169 2520 1709 2601 Antwerpianac:
1783 2539 1949 2601 quae
2030 2520 2289 2600 quidem
2360 2536 2531 2581 anno
2581 2511 2756 2580 1578
2832 2519 2879 2578 in

605 2598 814 2662 lucem
859 2601 1188 2682 prodiere.
1213 2599 1291 2685 ¹⁵)

820 2683 1126 2749 Ceterum
1180 2687 1316 2769 jam
1384 2687 1515 2749 isto
1583 2690 1879 2766 tempore
1950 2705 2093 2772 cum
2140 2686 2554 2750 Germania
2612 2685 2879 2768 ejusque

607 2767 881 2850 imperio
939 2790 1104 2851 quae
1162 2772 1342 2852 prius
1396 2770 1700 2852 profecto
1759 2769 2018 2833 fuerant
2074 2776 2142 2834 et
2186 2777 2422 2852 postea
2462 2788 2747 2851 prorsus
2798 2791 2880 2835 ex-

607 2852 848 2916 stincta
891 2859 1058 2934 sunt,
1103 2854 1455 2938 Belgarum
1502 2853 1717 2916 vincla
1758 2855 1927 2917 adeo
1992 2854 2313 2918 dissoluta
2342 2855 2618 2934 fuerunt,
2666 2863 2752 2918 ut
2783 2857 2880 2918 has

607 2937 958 3002 cambiales
1031 2939 1216 3020 leges
1301 2938 1845 3020 Antwerpienses·
1898 2957 2017 3020 pro
2096 2939 2600 3002 Germanicis
2674 2959 2881 3022 neque

606 3020 850 3085 habere
895 3043 1107 3104 neque
1147 3024 1214 3086 in
1259 3025 1338 3086 iis
1383 3022 1594 3105 prima
1640 3021 1721 3084 de
1767 3023 2033 3086 cambiis
2101 3023 2537 3104 legislationis
2586 3022 2882 3088 Germa·

609 3106 838 3168 nicae
881 3107 1165 3188 vestigia
1212 3126 1616 3188 cognoscere
1664 3105 1927 3169 debeas.

701 3269 705 3273 Ι
817 3187 962 3252 Jam
1006 3211 1164 3254 vero
1208 3190 1595 3255 Hanseatici
1647 3189 1936 3272 Belgicis
2013 3191 2079 3253 in
2145 3191 2524 3273 regionibus
2594 3192 2883 3256 colonias

604 3273 874 3352 antiquo
919 3281 1215 3357 tempore
1263 3275 1767 3354 constituerunt,
1840 3282 1907 3338 et
1972 3296 2393 3357 quaecunque
2456 3275 2768 3340 coloniae
2814 3283 2883 3340 at

609 3378 734 3438 que
780 3359 1070 3441 emporia
1123 3361 1390 3424 Hansae
1447 3360 1619 3423 intra
1673 3360 2057 3441 peregrinas
2114 3365 2327 3424 terras
2384 3360 2662 3440 fuerunt,
2722 3363 2883 3424 inter

608 3443 771 3506 haec
815 3442 977 3506 illud
1021 3446 1376 3527 emporium
1429 3444 1606 3524 quod
1647 3441 2145 3507 Flandrinorum
2173 3444 2439 3525 Brugae
2468 3442 2543 3526 ¹⁶)
2590 3445 2882 3521 florebat,

825 3701 894 3766 '⁵)
969 3703 1034 3758 G.
1073 3702 1132 3754 F.
1172 3702 1236 3751 de
1273 3703 1507 3752 Mat-tens
1543 3701 1834 3764 (Ui-sprung
1878 3701 1970 3750 des
2010 3698 2450 3764 Wechselrechts)
2497 3699 2677 3750 Caroli
2727 3700 2881 3762 quinti

607 3773 1002 3823 constitutiones
1039 3787 1171 3836 quae
1209 3788 1366 3836 supra
1405 3779 1617 3822 notatae
1654 3778 1789 3831 sunt,
1823 3773 1878 3820 in
1918 3773 2201 3834 appendice
2234 3787 2287 3834 p·
2331 3772 2599 3824 94—-105
2636 3770 2803 3820 offert
2847 3780 2881 3819 et

609 3851 805 3904 narrat,
844 3845 1244 3893 consuetudines
1279 3844 1404 3891 istas
1441 3842 1865 3904 Amwerpienses
1904 3857 2042 3890 811110
2086 3841 2223 3895 1578
2264 3842 2374 3904 jam
2432 3850 2804 3891 renovatas
2850 3851 2883 3889 et

609 3929 746 3962 anno
789 3916 926 3967 1597
965 3915 1113 3978 prelo
1151 3913 1440 3978 publicatas
1477 3928 1615 3973 esse3
1654 3920 1880 3962 ceterum
1917 3913 2035 3962 vide
2065 3914 2204 3962 infra
2236 3912 2281 3974 ξ.
2320 3913 2351 3965 3
2392 3919 2568 3960 11018111
2606 3912 2696 3963 49.

813 3981 881 4049 ¹⁶)
957 3985 1201 4036 Ceterum
1236 3985 1459 4048 speciale
1497 3983 1682 4033 foedus
1732 3980 2110 4036 commerciale.
2160 3983 2300 4045 quod
2336 3983 2546 4032 Hancne
2594 3985 2885 4032 teutonicae

607 4055 774 4104 simile
831 4065 961 4116 crat,
1017 4057 1074 4104 in
1109 4057 1290 4105 Hansa
1343 4056 1602 4104 flandi-ina
1634 4055 1772 4104 inter
1829 4055 1984 4104 urbes
2019 4055 2265 4118 Brugam‚
2314 4054 2479 4116 Ipras,
2524 4053 2815 4102 Dammam
2852 4061 2885 4101 et

608 4123 848 4174 Gandam
877 4127 987 4191 jam
1027 4127 1200 4176 saeclo
1237 4127 1342 4176 XII
1354 4128 1391 4174 1.
1429 4125 1690 4175 existebat
1724 4131 1777 4174 et
1810 4127 1931 4175 inde
1969 4127 2034 4176 ab
2082 4140 2221 4174 811110
2264 4125 2400 4178 1426
2440 4124 2634 4174 sensim
2672 4124 2732 4172 in
2774 4127 2887 4174 obli·

607 4195 814 4246 vionem
837 4197 1092 4248 veniebat.
1135 4197 1281 4258 Quae
1307 4197 1593 4248 Flandrina
1614 4197 1797 4246 Hansa
1828 4211 1921 4246 seu
1944 4196 2435 4256 Londoneneis,
2472 4196 2593 4257 quia
2616 4195 2671 4242 in
2699 4197 2886 4260 Angli:

607 4271 659 4314 01
716 4267 1044 4329 potissimum
1098 4269 1324 4318 Londini
1381 4268 1595 4332 negotia
1646 4268 1879 4333 gerebat,
1934 4269 1989 4316 in
2043 4267 2289 4316 nundinis
2321 4265 2637 4329 Campaniae
2688 4266 2889 4328 (Cham-

605 4338 1005 4402 pagnemessen)
1070 4340 1288 4390 multum
1326 4339 1630 4388 versabatur
1663 4338 1887 4400 indeque
1921 4339 2035 4388 sine
2070 4338 2227 4388 dubio
2266 4339 2481 4398 antiquo
2509 4337 2621 4400 jam
2656 4342 2887 4402 tempore

601 4408 924 4458 cambiorum
987 4416 1041 4458 ct
1102 4416 1329 4460 veterum
1387 4415 1438 4460 et
1474 4409 1821 4461 recentiorum
1884 4423 2032 4458 usum
2070 4409 2397 4472 recognitum
2452 4407 2507 4456 in
2564 4411 2886 4469 commerciis
