2950 4992
1021 409 1446 481 ...ΓΙ-

91 569 284 644 Quod
350 570 734 652 opusculum
789 570 930 652 jam
995 569 1171 632 circa
1233 589 1474 632 annum
1548 571 1709 633 1450
1775 575 2007 634 autore
2054 571 2161 635 Uz
2178 594 2359 638 zano

94 656 296 738 (della
340 655 594 718 decima
637 660 790 718 tom.
838 654 923 716 H.
971 673 1034 735 p.
1086 646 1196 734 79)
1245 656 1619 719 confectum
1665 675 1812 718 esse
1862 654 2225 739 dicitur.²⁸)

300 740 640 803 Thomas
688 739 780 802 de
826 737 976 801 Vio
1022 744 1214 801 natus
1240 738 1474 822 Ticini,
1509 741 1753 804 vixisse
1798 740 2057 803 videtur
2082 742 2365 823 Brixiae,

89 825 280 906 cujus
342 824 608 888 libellus
673 824 874 905 vulgo
949 823 1438 904 antiquissimus
1508 825 1589 888 de
1660 824 1941 894 cambiis,
1976 827 2371 908 scriptorum

90 910 347 972 habitus
392 913 526 990 est3
597 909 864 990 scripsit
929 929 1099 971 anno
1152 909 1316 972 1499
1375 910 1458 974 de
1504 911 1793 991 cambiis,
1867 911 2044 990 quod
2110 905 2372 992 quidem

85 994 471 1142 {ispuspuxlpm
511 995 581 1141 itn
619 993 1952 1164 ffigactta’tux'rl'lractggssumb(113ugtduni
1986 996 2169 1142 1549.
2214 1004 2369 1061 tom.

163 1128 177 1141 .
223 1099 256 1143 e
397 1099 516 1142 ene
552 1127 569 1141 .
859 1099 982 1142 om.
1131 1127 1145 1141 .
1193 1098 1257 1161 p.
1504 1101 1593 1162 pu
1665 1101 1769 1143 lca
1802 1101 1906 1142 um
1952 1100 2023 1144 es
2058 1127 2073 1143 .

301 1164 503 1228 Guil.
547 1164 888 1227 Bontius
935 1163 1078 1247 (Dr.
1113 1164 1288 1246 juris
1330 1164 1724 1245 LovanienS,
1774 1165 1937 1228 alias
1990 1164 2365 1249 Calvanus),

85 1251 176 1312 de
219 1249 450 1329 usuriS,
501 1249 768 1312 cambiis
817 1255 941 1312 etc.
1001 1243 1304 1312 Parisiis'
1328 1252 1510 1314 1550.
1598 1250 1890 1314 Joecher
1932 1256 2175 1330 narrat,
2228 1271 2371 1315 eum

83 1334 332 1398 obiisse
376 1353 548 1397 anno
599 1335 762 1398 1454
802 1333 1068 1418 (1554ἳ)
1117 1340 1185 1398 et
1226 1342 1579 1417 praeterea
1611 1336 1693 1398 de
1727 1336 2177 1399 contractibus
2208 1358 2369 1400 mer-

83 1425 382 1482 catorum
429 1419 798 1502 scripsisse.

293 1503 676 1586 Aloysius
725 1504 1162 1586 Oasanoca,
1213 1507 1294 1570 de
1343 1506 1631 1568 cambiis.
1723 1504 1961 1568 Venet.
2016 1506 2197 1569 1558.

294 1589 509 1660 Hier.
569 1589 662 1652 de
713 1588 954 1670 Luca,
1016 1590 1098 1653 de
1145 1591 1547 1654 cambiorum
1589 1590 2123 1670 marcharumque
2185 1591 2362 1654 diffe-

81 1675 300 1738 rentia
345 1675 452 1754 qui
498 1674 671 1736 liber
712 1681 1022 1757 receptus
1083 1681 1188 1739 est
1228 1676 1298 1738 in
1345 1675 1569 1738 Tract.
1618 1674 1841 1738 Tract.
1889 1674 2128 1758 (Lugd.
2182 1677 2363 1739 1549.

81 1765 239 1822 tom.
272 1758 386 1842 V.)
432 1765 506 1822 et
545 1765 786 1840 postea
829 1761 1136 1842 apparuit
1180 1761 1485 1824 Venetiis
1536 1761 1718 1824 1584.
1810 1759 2001 1822 Alter
2047 1766 2153 1824 est
2193 1761 2239 1823 J
2252 1781 2289 1824 o
2310 1762 2371 1824 h.

81 1844 307 1926 Bapt.
378 1845 460 1907 de
506 1843 703 1924 Luca,
774 1843 1165 1926 Cardinali8‚
1228 1847 1337 1926 qui
1391 1845 1559 1908 obiit
1620 1847 1783 1908 1683
1848 1851 1915 1908 et
1974 1844 2055 1909 de
2102 1847 2371 1910 cambiis

80 1929 356 2011 scripsit
407 1929 476 1991 in
533 1948 734 2011 opere
791 1931 1143 2012 inscripto:
1219 1933 1549 1994 theatrum
1593 1930 1892 1994 veritatis
1942 1935 2011 1993 et
2041 1931 2367 2012 justitiae,

79 2015 263 2094 quod
304 2015 372 2076 in
420 2015 496 2076 15
542 2019 696 2076 tom.
744 2013 977 2079 Golon.
1031 2009 1194 2080 1706
1243 2016 1489 2080 editum
1534 2021 1655 2078 est.

295 2099 696 2162 Fabianus
748 2099 1232 2181 GenuensiS,
1281 2107 1607 2164 tractatus
1634 2101 1715 2163 de
1748 2099 2041 2162 cambiis.
2091 2099 2363 2164 Genuac

83 2185 271 2247 1569.
355 2183 484 2260 Qui
503 2185 954 2266 praenomine:
1001 2185 1274 2268 Caspar,
1322 2186 1487 2250 alias
1532 2186 1586 2248 F
1614 2231 1797 2248 .....
1849 2184 2087 2246 dicitur
2116 2191 2185 2247 et
2217 2205 2364 2266 pro-

75 2271 300 2333 sessor
308 2270 484 2352 juris
508 2269 766 2332 Patavii
792 2271 955 2333 1582
988 2271 1169 2334 obiit.
1213 2272 1404 2335 Alter
1431 2271 1762 2334 Fabianus
1790 2270 2156 2334 Genuensis
2184 2290 2367 2350 prae-

75 2355 373 2418 nomine:
439 2354 816 2418 Dominicus
881 2355 1118 2418 librum
1181 2357 1262 2420 de
1332 2356 1602 2420 cambiis
1672 2356 2019 2438 scripsisse
2087 2354 2369 2418 traditur

69 2440 365 2523 (Bonon.
418 2441 580 2502 1626
629 2447 698 2502 et
749 2439 912 2503 Gen.
967 2438 1177 2523 1668),
1253 2443 1364 2522 qui
1409 2442 1607 2506 etiam
1666 2441 1994 2504 invenitur
2036 2441 2105 2502 in
2141 2440 2365 2504 Tract.

73 2525 306 2588 Tract.
379 2525 534 2588 edit.
597 2523 834 2588 Venet.
921 2526 1238 2590 Fortasse
1287 2527 1543 2610 Gaspar
1608 2533 1674 2589 et
1728 2527 1782 2589 F
1810 2575 1824 2588 .
1852 2575 1869 2588 .
1897 2574 1911 2588 .
1970 2531 2039 2597 et
2080 2526 2367 2588 Domini-

73 2630 198 2674 cus
244 2611 420 2673 idem
468 2616 590 2673 est.

295 2695 350 2757 T
365 2696 460 2758 ho
475 2715 632 2759 mas
674 2695 784 2758 Bo
799 2696 1011 2758 ninsi
1025 2697 1256 2777 gnius
1273 2744 1289 2776 ,
1337 2695 1783 2775 Florentinus,
1816 2695 2163 2777 professor
2184 2695 2367 2758 theo-

65 2780 321 2862 logiae,
387 2786 562 2844 teste
623 2781 868 2843 Azorio
938 2781 1206 2862 scripsit
1270 2781 1352 2846 de
1422 2783 1691 2845 cambiis
1758 2785 2129 2859 tractatum,
2193 2786 2367 2844 teste

66 2865 358 2946 Lipenio
427 2865 720 2928 Florent.
795 2857 956 2930 1587
1027 2867 1108 2930 de
1176 2866 1767 2948 negotiationibus,
1838 2872 2015 2929 teste
2084 2864 2367 2928 Zedlero

65 2950 308 3030 lingua
347 2951 573 3014 italica
619 2956 687 3013 et
730 2950 811 3013 de
859 2951 1128 3014 cambiis
1173 2957 1241 3015 et
1285 2952 1366 3015 de
1411 2953 1795 3016 venditione
1842 2951 1928 3014 ad
1973 2956 2251 3032 tempus,

292 3033 776 3099 Franciscus
850 3035 1214 3116 Garzias,
1287 3038 1398 3117 qui
1462 3045 1754 3101 mortuus
1813 3042 1917 3100 est
1960 3056 2131 3099 anno
2183 3029 2365 3099 1587.

62 3118 510 3202 Tarragonae
555 3119 832 3202 Hispan.
879 3119 1087 3184 libros
1135 3122 1342 3185 edidit
1388 3123 1468 3185 de
1518 3124 1967 3187 contractibus
2016 3127 2084 3184 et
2127 3122 2210 3185 de
2258 3122 2367 3184 sti-

61 3203 525 3286 pulationibus
575 3210 1032 3268 mercatorum.

289 3289 677 3354 Martinus
746 3290 1234 3372 Azpilcueta
1299 3290 1719 3374 (cognomine
1785 3289 2178 3372 Navarrus)‚
2256 3293 2367 3371 qui

59 3373 444 3438 canonista
485 3374 884 3457 Hispanicus
951 3395 1122 3438 anno
1175 3377 1338 3439 1586
1382 3382 1677 3440 mortuus
1748 3383 1868 3456 est,
1940 3376 2021 3438 de
2093 3377 2365 3440 cambiis

51 3460 378 3542 scripsit:
426 3460 535 3541 qui
580 3460 842 3551 libellus
885 3460 954 3522 in
998 3460 1140 3542 ejus
1188 3461 1499 3543 operibus
1550 3461 1816 3544 (Venet.
1870 3462 2031 3524 1602
2066 3467 2134 3523 et
2169 3461 2365 3544 1645)

59 3545 473 3608 continetur.

289 3630 443 3694 Joh.
489 3631 684 3714 Bapt.
734 3628 1124 3692 Cavatius
1173 3647 1222 3691 s.
1274 3626 1727 3693 Cavaccias
1774 3631 2059 3711 scripsit,
2108 3630 2205 3692 uti
2243 3629 2366 3692 Be-

57 3717 238 3781 seke
286 3714 602 3799 (thesaur.
640 3715 773 3798 jur.
823 3703 1122 3785 cambialJ
1182 3712 1405 3778 Berol.
1459 3711 1622 3779 1783
1685 3723 1837 3796 pag.
1889 3714 2081 3798 1292)
2139 3715 2365 3797 refert,

55 3807 432 3866 tractatum
478 3801 560 3864 de
606 3799 876 3864 cambiis
936 3819 1058 3881 per
1113 3798 1370 3862 litteras
1416 3800 1858 3863 Mediolanen.
1951 3799 2087 3864 Sed
2132 3801 2363 3864 nescio

53 3907 202 3970 quo
263 3905 436 3949 anno
503 3885 742 3949 vixerit
797 3891 867 3948 et
922 3883 1284 3965 scripserit,
1347 3887 1467 3949 sed
1521 3893 1595 3948 ut
1638 3885 2005 3968 putaverim
2063 3892 2216 3948 ante
2262 3907 2368 3949 an·

51 3993 224 4037 num
277 3972 473 4120 11ῗίἓὲ
519 4055 864 4118 dicendum
909 4060 1015 4118 est
1056 4055 1140 4117 de
1184 4053 1678 4136 Hieronymo
1724 4053 2155 4118 Jovamino
2204 4056 2370 4137 ejus.

281 4359 358 4428 ²⁸)
431 4364 494 4417 G.
533 4367 592 4416 F.
631 4368 696 4418 de
735 4368 1000 4429 Mai-tens,
1040 4367 1350 4418 historisehe
1387 4367 1793 4431 Entwiekelung·
1830 4367 1924 4416 des
1950 4366 2375 4418 Wechselreohts

39 4434 260 4500 (1797)
299 4436 345 4500 ξ.
386 4437 474 4498 20,
511 4454 560 4502 p,
601 4440 686 4493 77.
760 4439 984 4507 Bentian
1024 4437 1418 4489 Weohselreeht
1456 4438 1788 4504 (Darmstsdt
1818 4438 1973 4504 1828)
2011 4455 2059 4503 p.
2090 4442 2190 4494 113
2213 4441 2371 4498 Nota,

1875 4556 1913 4615 2
