2950 4992
1461 463 1888 524 -36-

546 620 642 682 cis
711 613 1188 681 recentioribus
1261 613 1522 696 legibus
1608 613 1915 695 adjectis),
2006 613 2581 677 consuetudinibus
2658 634 2827 677 sane

540 703 758 766 multis
801 702 1060 764 variata
1101 715 1305 778 usque
1351 699 1438 761 ad
1483 719 1717 763 annum
1767 699 1929 760 1849
1987 697 2069 760 in-
2108 697 2338 779 vigore
2382 697 2509 760 fuit
2550 704 2618 762 et
2660 705 2829 780 post

543 788 780 850 multos
807 786 914 868 qui
939 784 1183 846 frustra
1205 782 1368 845 facti
1398 787 1549 846 sunt
1548 783 1721 865 juris
1736 783 2071 846 cambialis
2085 783 2605 864 Hamburgensis
2626 801 2827 846 cona-

541 879 646 936 tus
715 878 784 936 et
843 869 1140 952 privatos
1211 873 1280 928 et
1321 867 1625 949 publicos
1645 865 1730 949 ⁷⁶)
1790 867 2207 930 ordinatione
2254 867 2505 930 demum
2552 867 2827 931 Germa-

541 959 691 1020 nica
743 956 826 1018 de
876 951 1142 1017 cambiis
1186 971 1458 1032 prorsus
1523 953 1592 1014 in
1650 952 2043 1015 oblivionem
2086 951 2295 1031 venit,
2364 957 2541 1014 totus
2598 958 2828 1015 tamen

541 1043 670 1105 iste
713 1039 940 1104 titulus
998 1035 1312 1118 septimus
1378 1038 1551 1100 intra
1610 1036 2129 1117 Hamburgensis
2194 1036 2511 1098 territorii
2560 1043 2829 1118 partem

545 1126 883 1208 quandam,
935 1141 1026 1185 sc.
1057 1123 1232 1184 intra
1280 1120 1443 1187 fines
1473 1121 1961 1202 praefecturae,
2017 1139 2181 1202 quae
2222 1119 2630 1184 Ritzebuttel
2675 1141 2827 1184 cum

546 1211 900 1274 Ouxhaven
943 1205 1425 1285 denominatur,
1492 1223 1697 1286 usque
1764 1205 1849 1268 ad
1892 1225 2127 1268 annum
2174 1207 2335 1267 1849
2390 1205 2459 1266 in
2524 1225 2645 1268 usu
2692 1206 2829 1268 fori

549 1294 937 1378 permansit,
1005 1291 1164 1354 licet
1216 1289 1659 1371 jureconsulti
1724 1290 2261 1371 Hamburgenses
2326 1295 2673 1370 putarent,
2748 1291 2827 1351 in

548 1380 781 1442 dubio
829 1377 1023 1440 etiam
1065 1376 1132 1436 in
1175 1375 1306 1437 ista
1346 1374 1773 1455 praefectura·
1823 1374 1909 1438 ad
1950 1375 2195 1438 veteris
2228 1375 2399 1455 juris
2445 1375 2595 1436 anni
2655 1375 2827 1436 1605

541 1461 1153 1545 interpretationem
1195 1461 1401 1539 magis
1448 1459 1535 1523 ad
1558 1459 1989 1522 ordinationis
2034 1459 2186 1521 anni
2233 1452 2392 1523 1711
2442 1459 2825 1521 sanctiones

545 1569 735 1631 quam
785 1547 870 1610 ad
933 1543 1268 1626 generalia
1319 1542 1492 1624 juris
1540 1544 1873 1606 cambialis
1938 1541 2308 1607 Germanici
2374 1548 2442 1606 et
2488 1542 2825 1624 Europaei

545 1632 869 1715 principia
911 1627 1372 1691 recurrendum
1418 1625 1691 1703 esse.⁷⁷)

759 1716 1063 1779 Ceterum
1123 1712 1464 1774 duodecim
1524 1713 1606 1774 de
1654 1712 1922 1774 cambiis
1978 1711 2237 1774 articuli
2279 1711 2823 1793 Hamburgenses

543 1802 696 1866 anni
743 1801 904 1863 1605
948 1796 1176 1879 paucis
1222 1797 1495 1859 variatis
1547 1797 1852 1860 translati
1910 1803 2061 1858 sunt
2114 1796 2181 1858 in
2226 1800 2475 1859 statuta
2530 1795 2823 1859 civitatis

545 1885 879 1952 Slesvicae
921 1881 1485 1944 Friedrichsstadt
1526 1882 1609 1944 ab
1654 1901 1824 1943 anno
1875 1881 2039 1943 1633
2097 1879 2315 1962 (Part.
2358 1880 2443 1942 ΙΙ.
2491 1879 2665 1943 Sect.
2722 1883 2823 1943 11.

545 1972 644 2036 tit.
696 1971 803 2032 16:
859 1967 994 2047 „de
1057 1965 1336 2047 collybo,
1387 1985 1517 2028 von
1560 1965 1915 2028 Wechseln
1969 1965 2102 2028 und
2155 1964 2825 2045 Wechselbriefen.“)

761 2133 834 2204 ³⁰)
915 2135 1006 2194 De
1059 2136 1464 2209 compluribus
1521 2133 2067 2210 Hamburgensium
2127 2136 2201 2192 ad
2242 2139 2345 2209 jus
2398 2135 2686 2193 cambiale
2732 2137 2823 2192 ei-

546 2211 754 2268 vitatis
797 2212 1229 2267 emendandum
1275 2212 1590 2268 conatibus
1616 2211 1780 2268 hisee
1824 2211 1923 2286 qui
1966 2212 2203 2288 quidem
2226 2211 2441 2268 abhinc
2484 2231 2639 2268 anno
2675 2215 2823 2268 1792

544 2284 814 2342 instituti
833 2295 1026 2357 erant,
1069 2288 1331 2359 perbene
1355 2288 1631 2343 referunt
1653 2285 1833 2344 Meno
1862 2285 2048 2342 Pohls
2092 2285 2582 2353 (Weehselrecht
2654 2286 2819 2356 .22)‚

548 2361 846 2418 Soetbeer
905 2361 1136 2427 (Ueber
1175 2359 1521 2438 Hamburgs
1568 2359 1821 2418 Handel.
1901 2361 2081 2418 Erste
2124 2360 2544 2438 Fortsetsung.
2611 2307 2818 2418 ziani-

545 2437 698 2512 burg
748 2439 904 2492 18⁴2.
951 2451 1003 2508 p.
1050 2435 1167 2506 90.)
1221 2447 1284 2493 ct
1338 2433 1650 2494 Dedekind
1713 2436 2233 2512 (Vergangenheit
2295 2439 2412 2492 und
2456 2439 2821 2511 (Regenwart

547 2513 654 2566 (les
705 2510 1207 2567 Weehselrechts.
1255 2532 1310 2584 p.
1365 2509 1514 2578 105).
1568 2539 1623 2548 --
1672 2512 1875 2586 Leges
1920 2513 2131 2587 quibus
2167 2512 2464 2568 ordinatio
2507 2511 2819 2568 cambialis

548 2584 1026 2659 Hamburgensis
1082 2587 1221 2642 anni
1271 2591 1400 2642 1711
1465 2588 1522 2642 d.
1567 2590 1656 2644 22.
1698 2587 1831 2644 Jan.
1878 2587 2107 2643 variata
2149 2595 2273 2656 est,
2330 2606 2549 2658 paucae
2602 2597 2664 2642 et
2708 2586 2818 2641 mi-

546 2662 711 2718 noris
753 2661 1040 2717 momenti
1090 2663 1365 2732 fuerunt,
1411 2681 1562 2737 quae
1607 2671 1748 2718 sunt
1790 2661 2147 2718 constitutio
2203 2680 2337 2716 ann.
2408 2665 2545 2719 1729
2588 2667 2641 2719 ὃ.
2686 2662 2822 2717 Oct.

547 2737 635 2805 (in
687 2736 878 2792 tribus
939 2737 1213 2792 articulis
1255 2737 1328 2792 de
1372 2737 1651 2794 cautione
1711 2737 2046 2806 cambiali),
2124 2739 2278 2791 1732.
2344 2741 2395 2791 ⁴.
2440 2735 2611 2810 Sept.
2682 2738 2825 2812 (qua

551 2813 835 2886 quaedam
879 2813 951 2867 de
996 2831 1281 2884 proces-su
1325 2812 1597 2868 cambiali
1634 2811 1695 2866 in
1742 2813 1995 2867 salutem
2027 2811 2316 2867 minorum
2363 2820 2425 2866 et
2466 2811 2824 2885 simplicium

549 2904 938 2960 personarum
979 2887 1426 2959 disponuntur),
1484 2890 1619 2942 179s
1658 2890 1720 2941 14
1765 2886 1925 2942 Junii
1964 2885 2069 2954 (de
2112 2885 2463 2958 quibusdam
2496 2887 2820 2944 solutionis

546 2962 854 3017 cambialis
899 2962 1170 3032 diebus),
1226 2964 1384 3018 1799.
1443 2965 1520 3016 17.
1566 2971 1628 3016 et
1655 2965 1745 3016 25.
1790 2961 2005 3018 Octob.
2050 2963 2194 3038 (qua
2237 2961 2359 3036 legi
2396 2962 2821 3020 restrictiones

475 3087 478 3090 ,
548 3039 834 3110 quaedam
870 3037 1026 3108 juris
1069 3035 1376 3092 cambialis
1429 3053 1535 3108 pro
1590 3045 1860 3108 tempore
1908 3039 2119 3108 jussae
2162 3043 2347 3107 sunt).
2411 3038 2487 3093 cf.
2531 3035 2610 3096 H.
2653 3037 2820 3094 Kiihl

549 3110 908 3184 (Hamburg.
977 3109 1182 3168 Rath·
1252 3131 1306 3166 u.
1371 3110 1889 3184 Burgersehliisse
1956 3131 2091 3168 vom
2155 3111 2336 3168 Jahre
2412 3116 2819 3168 1700-123111).

552 3185 883 3259 Hamburg.
937 3190 1122 3252 1803).
1207 3185 1372 3241 lnter
1412 3186 1883 3243 consuetudines
1915 3187 2231 3259 praecipue
2261 3196 2401 3243 sunt
2420 3186 2820 3244 nominandae

549 3281 656 3316 eae
741 3280 890 3335 quae
954 3258 1354 3330 „Parere“
1435 3261 1743 3331 dicuntur,
1821 3272 1961 3318 ante
2022 3262 2221 3318 omnia
2285 3282 2357 3319 ea
2423 3280 2573 3337 quae
2645 3283 2681 3319 a
2758 3266 2821 3316 19

548 3335 982 3392 mercatoribus
1050 3335 1388 3409 insignibus
1457 3333 1794 3408 Hamburgi
1860 3339 1933 3392 de
1998 3337 2382 3395 discretionis
2446 3337 2657 3394 diebus
2724 3337 2822 3393 die

548 3417 640 3468 28.
683 3409 830 3483 Maji
881 3412 1016 3466 1732
1059 3421 1120 3467 et
1161 3431 1232 3467 ea
1281 3430 1432 3485 quae
1474 3411 1619 3466 item
1675 3412 1745 3467 ab
1798 3413 2233 3468 mercatoribus
2284 3411 2464 3468 istius
2505 3413 2674 3468 urbis
2724 3413 2821 3468 die

547 3492 638 3542 25.
685 3487 870 3559 April.
923 3489 1060 3542 1805
1104 3487 1176 3542 de
1217 3486 1464 3542 cambiis
1528 3506 1563 3542 a
1604 3486 1941 3560 peregrinis
1998 3487 2177 3543 terris
2239 3507 2368 3543 cum
2420 3488 2819 3560 protestatio-

549 3562 724 3618 nibus
779 3559 1188 3634 Hamburgum
1242 3561 1515 3618 remissis
1570 3563 1805 3634 prolata
1858 3571 1970 3617 est.
2026 3562 2100 3617 cf.
2146 3562 2355 3636 Siegel
2416 3571 2550 3631 (cor
2591 3583 2662 3619 us
2698 3565 2820 3635 jur.

549 3635 768 3703 camb.)
811 3635 850 3692 l.
895 3640 1004 3692 415
1049 3640 1299 3712 ejusque
1321 3638 1704 3694 continuator
1727 3635 1846 3692 Uhl
1876 3635 1976 3704 (ΙΙ.
2000 3647 2158 3695 cont.
2201 3641 2291 3694 48.
2336 3640 2473 3710 51);
2584 3637 2822 3694 eissner

549 3711 786 3780 (Codex
829 3713 934 3768 (les
979 3711 1192 3784 Europ.
1241 3711 1749 3769 Wechselrechts.
1794 3716 1827 3768 2
1856 3710 2081 3768 B'ande.
2145 3715 2311 3781 1837)
2357 3711 2396 3767 Ι.
2443 3733 2493 3785 p.
2538 3716 2803 3769 910-22

550 3799 611 3844 et
649 3787 952 3866 L’Estocq
993 3787 1428 3863 (Erlituterung
1467 3789 1575 3843 des
1618 3787 2176 3861 allgemeinennnd
2219 3806 2451 3861 preuss.
2500 3787 2819 3844 Wechsel-

547 3863 752 3929 rechts
805 3866 970 3930 1762)
1015 3883 1066 3934 p.
1123 3865 1240 3918 106.

801 3935 871 4008 ⁷³)
994 3936 1156 3994 lutra
1217 3946 1527 4010 tempora,
1608 3936 1820 4012 quibus
1893 3935 2305 4013 Hamburgum
2384 3937 2580 4010 ipsum
2652 3941 2818 4011 ejus-

543 4034 663 4090 que
733 4013 932 4071 onmia
991 4012 1298 4071 territoria
1340 4013 1652 4070 Gallorum
1710 4013 1961 4088 imperio
2020 4034 2055 4070 a
2117 4015 2467 4086 Napoleone
2536 4013 2577 4068 Ι.
2628 4013 2819 4087 impe-

551 4091 752 4146 ratore
797 4092 1116 4219 conffiuncta
1155 4089 1426 4156 fuerant,
1493 4109 1527 4144 a
1568 4088 1776 4145 «liebus
1826 4089 2173 4146 Decembris
2216 4089 2443 4145 mensis
2487 4089 2628 4145 anni
2680 4095 2821 4146 1810

546 4165 910 4301 ἓέἒέξῶῗ..
943 4161 1785 4313 ῗέὲὲἱῖἓὲῗιῖἐῗῒῑςὲῖὲέῐ
1826 4163 2819 4316 3ἷῖἰο.ἷξὲῗὲ“ξξξὲἓ“ἑῖ.“ἕὲ.ἱῗ

548 4315 709 4378 biale
754 4314 975 4370 Gallici
1015 4314 1236 4376 codicis
1280 4313 1715 4371 commercialis
1772 4313 1965 4385 (Code
2018 4316 2091 4371 de
2132 4317 2493 4383 commeree)
2546 4317 2617 4371 dc
2658 4335 2819 4372 cam-

547 4391 666 4453 biis
711 4388 1054 4446 sanctiones
1121 4389 1351 4446 civibus
1408 4387 1969 4465 Hamburgensibus
2023 4391 2431 4465 praescriptae
2480 4401 2660 4466 atque
2710 4390 2819 4448 ob-

546 4476 755 4523 trusae
799 4474 989 4520 erant.
