2950 4992
1518 427 1942 487 ...32—

601 603 724 663 que
770 589 987 644 tamen
1033 580 1268 659 verbiS,
1318 579 1438 642 sed
1482 598 1679 642 sensu
1724 580 2168 642 tantummodo
2217 588 2585 662 congruunt
2631 583 2865 645 codex-

599 687 724 748 que
768 665 1286 746 Hamburgensis
1363 664 1559 727 etiam
1630 683 1801 726 nova
1874 665 2192 744 quaedam
2264 671 2582 747 praestat,
2649 667 2755 730 ita
2806 677 2869 728 ut

597 752 858 816 omnino
916 750 1216 812 dubitare
1288 749 1505 828 liceat,
1562 753 1774 810 utrum
1827 748 1951 812 hac
2004 749 2071 812 in
2136 756 2327 831 parte
2401 752 2862 834 transscriptio

599 837 706 900 vel
750 834 1028 900 imitatio
1076 834 1406 898 exstiterit
1447 852 1676 896 necne.
1697 829 1779 914 ⁶⁷)

807 922 1169 984 Praeterea
1205 918 1519 982 articulus
1567 924 1834 998 quartus
1877 917 2400 1001 Hamburgensis
2444 919 2601 984 noni
2646 923 2719 984 et
2765 922 2865 985 de·

592 1007 740 1070 cimi
803 1004 1223 1069 articulorum
1265 1003 1839 1086 Antverpiensium
1904 1005 2339 1086 paraphrasin
2404 1005 2473 1068 in
2542 1025 2613 1069 se
2660 1007 2863 1069 conti·

594 1112 754 1155 nere
817 1090 1095 1170 videtur,
1116 1085 1199 1170 68)
1269 1090 1445 1169 quod
1508 1095 1787 1168 utroque
1853 1089 1921 1150 in
1985 1089 2137 1152 loco
2184 1091 2267 1152 de
2311 1091 2663 1156 trassantis
2712 1092 2862 1155 obli-

596 1176 862 1258 gatione
909 1175 1254 1238 disseritur
1319 1175 1377 1238 si
1419 1179 1777 1257 acceptans
1846 1174 2105 1237 solvere
2172 1175 2397 1256 noluit,
2470 1181 2538 1238 et
2596 1175 2762 1240 licet
2802 1177 2861 1238 in

592 1263 790 1325 rebus
833 1260 1225 1324 accessoriis
1270 1280 1329 1322 V.
1377 1279 1439 1340 g.
1488 1259 1705 1338 quoad
1776 1260 2092 1341 temporis
2138 1260 2369 1342 spatia,
2417 1260 2589 1342 juris
2652 1267 2860 1324 caute-

591 1347 690 1410 las
738 1352 885 1426 etc.,
932 1345 1102 1408 inter
1148 1345 1307 1408 duas
1355 1345 1807 1407 ordinationes
1854 1344 1979 1407 huc
2025 1344 2374 1408 discrimen
2418 1365 2551 1408 non
2593 1365 2859 1427 parvum

591 1431 981 1509 intercedat,
1047 1430 1220 1493 idem
1253 1429 1430 1510 juris
1494 1428 1561 1490 in
1627 1435 1904 1508 utraque
1958 1429 2108 1512 lege
2176 1437 2368 1492 tenor
2414 1430 2851 1493 constituitur.

588 1516 670 1578 Id
714 1516 892 1597 quod
932 1515 1128 1578 facile
1175 1514 1521 1593 concedeS,
1594 1514 1649 1577 si
1703 1519 1956 1577 textum
2005 1514 2178 1596 juris
2224 1514 2749 1598 Hamburgensis
2796 1525 2856 1578 et

587 1607 836 1665 textum
868 1599 1040 1681 juris
1095 1598 1617 1681 Antverpiensis,
1667 1617 1857 1678 quem
1902 1597 1955 1683 Ξ.
2003 1602 2042 1661 6
2088 1599 2445 1662 lectoribus
2475 1620 2851 1682 proponem,

589 1686 966 1769 diligentius
1012 1684 1183 1748 inter
1228 1704 1300 1748 se
1349 1684 1855 1766 comparaveris,

798 1769 1019 1834 Ceteri
1071 1789 1230 1832 vero
1287 1769 1557 1833 duarum
1611 1769 1693 1832 de
1750 1769 2018 1832 cambiis
2077 1768 2557 1832 ordinationum
2601 1769 2853 1832 articuli

589 1855 849 1919 omnino
903 1875 1036 1918 non
1092 1854 1334 1917 similes
1393 1858 1560 1933 sunt,
1610 1853 1731 1917 sed
1774 1853 1886 1916 alii
1932 1853 2062 1917 alia
2109 1853 2533 1917 constituunt.
2622 1854 2851 1934 Itaque

585 1940 844 2005 articuli
913 1942 966 2020 1,
1015 1941 1072 2018 3,
1120 1941 1176 2018 5,
1225 1941 1282 2019 6,
1333 1932 1390 2019 Ἰ,
1439 1941 1475 2002 8
1526 1943 1594 2002 et
1641 1939 1717 2001 12
1761 1937 2301 2020 Hamburgenses
2371 1938 2459 2002 ad
2526 1940 2853 2022 exemplar
2914 1987 2925 1996 .

583 2025 1076 2110 peregrinarum
1118 2024 1336 2106 legum
1379 2043 1513 2086 non
1557 2023 1735 2102 facti,
1784 2023 1905 2087 sed
1950 2043 2031 2086 ex
2074 2023 2365 2104 ipsorum
2408 2024 2850 2106 Hamburgen·

587 2112 750 2175 sium
794 2115 1228 2174 mercatorum
1271 2129 1392 2173 usu
1438 2114 1507 2172 et
1549 2109 1738 2191 praxi
1784 2108 2081 2172 exhausti
2128 2127 2279 2171 esse
2323 2109 2645 2172 videntur.
2731 2109 2793 2172 Ν
2796 2130 2849 2172 e·

586 2214 713 2277 que
759 2196 1016 2276 quidem
1060 2195 1125 2257 iu
1169 2195 1272 2258 his
1317 2193 1680 2258 condendis
1724 2194 2072 2257 abnormes
2120 2198 2189 2256 et
2229 2193 2629 2276 irregulares
2662 2214 2847 2258 casus

582 2281 1034 2364 legislatorum
1078 2285 1230 2344 ante
1277 2279 1505 2342 oculos
1554 2284 1757 2358 erant,
1804 2279 1997 2341 immo
2042 2277 2316 2342 maxime
2361 2279 2588 2341 usitati
2628 2285 2697 2342 et
2725 2280 2848 2342 vul·
2936 2353 2938 2374 ἰ

584 2385 799 2448 gares.
885 2365 1178 2445 Namque
1224 2365 1466 2447 primus
1535 2363 1847 2426 articulus
1910 2364 2318 2445 acceptantis
2386 2363 2847 2446 obligationem

583 2451 855 2514 eandem
901 2469 1066 2530 quae
1114 2450 1201 2512 sit
1243 2448 1590 2512 trassantis
1634 2449 1965 2531 proponit,
2016 2449 2120 2512 cui
2166 2449 2489 2512 sanctioni
2533 2449 2601 2511 in
2644 2456 2764 2513 art.
2792 2452 2843 2512 5.

581 2535 906 2616 adjicitur,
955 2534 1132 2614 quod
1174 2534 1367 2598 etiam
1437 2533 1546 2614 qui
1608 2539 1958 2616 acceptare
2027 2533 2187 2597 solis
2248 2534 2467 2598 verbis
2512 2535 2845 2616 professus

579 2626 684 2684 est
726 2617 886 2702 (non
931 2617 1244 2703 scriptis),
1286 2619 1693 2700 obligatione
1740 2619 2040 2684 cambiali
2088 2620 2446 2683 obstrictus
2470 2626 2612 2700 -est,
2663 2621 2848 2700 siqui·

578 2706 726 2768 dem
788 2704 934 2768 istis
995 2705 1402 2788 temporibus
1469 2698 1695 2788 (1605)
1764 2710 2219 2786 acceptantem
2290 2705 2375 2767 ad
2431 2705 2847 2787 obligandum

577 2790 904 2872 scriptura
945 2790 1249 2854 absolute
1294 2809 1426 2853 non
1468 2790 1951 2871 requirebatur;
2010 2795 2208 2869 atque
2264 2789 2576 2853 articulus
2624 2792 2683 2852 6.
2730 2791 2845 2852 sin·
2934 2831 2936 2870 j

575 2875 867 2958 gularem
910 2875 1446 2938 constitutionem
1490 2880 1805 2957 praestat,
1853 2880 1926 2937 ut
1969 2874 2080 2954 qui
2125 2880 2263 2937 tres
2308 2894 2429 2956 per
2458 2876 2698 2939 bursae
2728 2881 2844 2938 ter-
2935 2925 2936 2938 ,

573 2960 780 3024 minos
852 2960 1168 3024 cambium
1228 2960 1315 3023 ad
1357 2959 1829 3041 acceptandum
1885 2959 2159 3022 retinuit
2222 2979 2434 3040 neque
2490 2961 2844 3042 postulanti
2935 2961 2936 2992 ³

568 3045 836 3125 remisit,
861 3046 1014 3109 -etsi
1055 3045 1214 3108 nihil
1261 3044 1341 3106 de
1387 3044 1799 3125 acceptando
1849 3043 2090 3107 dixerit
2132 3044 2236 3106 vel
2268 3045 2635 3126 scripserit,
2684 3066 2836 3108 cam·

567 3131 744 3194 bium
790 3149 862 3192 se
907 3130 1246 3211 accepisse
1291 3133 1745 3210 praesumatur
1797 3134 2133 3208 totamque
2194 3131 2514 3210 pecuniae
2574 3129 2839 3194 cambia·

565 3216 648 3278 lis
695 3233 1002 3276 summam
1033 3214 1290 3277 solvere
1323 3213 1583 3276 debeat.
1671 3213 2005 3276 Articulus
2062 3219 2278 3277 autem
2308 3216 2543 3278 tertius
2578 3215 2841 3278 secundi

565 3304 1014 3382 argumentum
1075 3298 1270 3361 latius
1335 3303 1629 3360 tractans
1699 3317 1920 3362 casum
1984 3299 2301 3381 proponit
2347 3317 2476 3380 quo
2524 3300 2839 3362 cambium

569 3387 652 3453 ab
711 3384 1047 3464 assignato
1092 3402 1224 3447 non
1268 3382 1589 3463 accipitur
1635 3389 1702 3446 et
1747 3384 2010 3446 easdem
2057 3384 2197 3446 fere
2245 3401 2412 3464 quae
2452 3386 2647 3455 etiam
2676 3405 2839 3447 nunc

567 3472 636 3534 in
710 3487 832 3531 usu
912 3474 1063 3532 sunt
1139 3468 1615 3547 sollennitateS,
1670 3468 2202 3551 protestationes
2272 3475 2398 3532 etc.
2468 3469 2833 3550 constituit;

566 3555 750 3638 cujus
794 3553 893 3617 rei
947 3553 1360 3617 continuatio
1405 3553 1474 3615 in
1532 3552 1808 3616 articulo
1842 3553 1879 3617 7
1928 3553 2315 3634 continetur,
2366 3573 2494 3634 quo
2526 3555 2837 3618 sancitum

563 3647 684 3722 est,
743 3645 815 3702 ut
871 3639 927 3702 si
981 3639 1313 3718 cambium,
1377 3637 1551 3719 quod
1608 3658 1729 3720 pro
1786 3638 2065 3720 pecunia
2126 3638 2349 3701 datum
2392 3645 2511 3717 est,
2560 3659 2692 3702 non
2736 3659 2833 3702 ac·

562 3731 820 3810 ceptum
885 3730 1071 3788 retro
1135 3724 1408 3805 venerit,
1480 3728 1775 3786 trassans
1841 3724 1909 3785 in
1977 3723 2339 3786 continenti
2409 3729 2477 3786 et
2522 3725 2663 3788 sine
2708 3723 2837 3787 ulla

541 3832 743 3876 -mora
785 3810 1015 3873 vadem
1059 3815 1401 3893 praestare
1447 3808 1706 3889 debeat,
1754 3813 1827 3870 ut
1872 3807 2156 3871 debitori
2216 3808 2298 3871 de
2358 3814 2556 3889 sorte,
2604 3828 2837 3892 expen-
2930 3825 2932 3856 ὲ

769 4049 845 4123 ⁸⁷)
927 4051 1149 4110 Errant
1201 4070 1348 4126 ergo
1403 4059 1648 4109 autores
1716 4061 1857 4109 stat.
1899 4049 2120 4110 Hamb.
2168 4050 2406 4110 Codicis
2449 4047 2617 4123 (ann.
2667 4049 2832 4122 18⁴2)

555 4138 619 4186 et
660 4126 1042 4186 Baumeister
1082 4130 1117 4184 l.
1162 4147 1212 4183 c.
1255 4137 1316 4183 et
1360 4125 1633 4201 Gengler
1674 4123 1739 4198 (Ι.
1784 4125 1864 4196 ο.)
1908 4137 1970 4184 et
2012 4129 2236 4185 Biener
2280 4129 2348 4193 (Ι.
2393 4126 2496 4199 0.),
2542 4127 2643 4204 qui
2686 4126 2830 4184 arti-

551 4278 898 4356 germanica
939 4279 1159 4336 habere
1199 4278 1539 4335 videantur.

761 4351 838 4426 ⁶⁸)
920 4355 986 4411 ld
1038 4355 1194 4431 quod
1246 4353 1425 4409 iidem
1486 4353 1753 4412 editores
1811 4361 1872 4410 et
1915 4353 2296 4412 Baumeister
2349 4361 2412 4412 et
2448 4355 2727 4430 Gengler
2766 4365 2827 4410 et

553 4430 776 4489 Bienor
819 4448 1066 4504 prorsus
1106 4431 1527 4504 neglexerunt.

449 4207 454 4212 ’
555 4205 752 4260 culum
812 4203 996 4261 istum
1053 4203 1377 4260 seeundum
1436 4222 1544 4275 pro
1606 4221 1772 4260 mera
1806 4203 1966 4278 juris
2022 4202 2375 4262 Hellandici
2427 4203 2828 4262 translatione
2928 4277 2930 4280 Α
