2950 4992
1466 407 1895 468 *24-

543 583 581 625 ει
643 568 876 626 senatu
933 560 1321 650 postulavit,
1386 567 1459 623 ut
1503 563 1589 626 ad
1631 565 2119 644 promovendas·
2158 584 2273 627 res
2311 561 2613 646 publicas
2640 559 2831 646 juris

549 648 738 710 civici
802 647 1198 710 revisionem
1262 646 1656 710 institueret.
1746 647 2029 712 Senatus
2094 648 2253 712 licet
2304 650 2388 712 ab
2439 649 2627 712 initio
2688 649 2831 731 (12.

541 732 700 795 Feb.
747 753 894 796 ann.
948 729 1140 812 1603)
1206 730 1414 793 hanee
1477 733 1875 796 revisionem
1920 733 2319 814 denegasset
2362 739 2431 796 et
2472 754 2592 816 per
2636 733 2831 797 solas

539 817 725 898 leges
769 815 1228 894 additionales,
1279 816 1635 898 praecipue
1680 819 1765 880 ad
1808 825 2259 898 mercaturam,
2310 818 2588 900 opificia,
2646 838 2835 881 eom-

545 903 787 966 mercia
831 906 1212 984 spectantes
1257 900 1446 963 civici
1480 901 1657 982 juris
1700 909 1938 965 statum
1986 904 2093 984 qui
2150 922 2321 966 anno
2373 896 2533 968 1497
2580 903 2835 967 consti»

543 993 719 1050 tutus
768 992 966 1066 esset,
1015 985 1483 1048 meliorandum
1531 1007 1679 1050 esse
1712 987 2137 1067 declarasset,
2176 988 2319 1068 jam
2354 990 2451 1050 12„
2486 988 2589 1050 die
2618 987 2831 1050 Mart,

543 1072 809 1135 totalem
841 1071 1238 1135 revisionem
1262 1071 1689 1135 concedebat.
1766 1070 1973 1146 Quam
2015 1093 2155 1136 rem
2199 1073 2599 1152 centumviri,
2642 1073 2837 1135 inter

547 1177 712 1238 quos
757 1177 946 1221 nemo
982 1155 1587 1237 jureconsultorum
1632 1163 1776 1219 erat
1818 1177 2218 1239 quorumque
2262 1158 2472 1220 minus
2502 1163 2573 1220 ut
2598 1157 2833 1239 legum

542 1242 656 1305 illa
698 1243 940 1305 revisio
990 1261 1178 1322 quam
1224 1245 1294 1301 ut
1325 1241 1767 1322 juramentum
1812 1263 2049 1306 novum
2078 1243 2270 1306 fieret
2300 1244 2633 1322 intererat,
2686 1249 2829 1305 tam

543 1328 801 1390 facilem
847 1327 1197 1403 habebant,
1255 1331 1328 1386 ut
1379 1325 1553 1390 intra
1602 1328 1681 1388 14
1726 1328 1866 1391 dies
1914 1349 1953 1392 a
1998 1333 2230 1392 senatu
2282 1333 2468 1391 reete
2522 1327 2831 1410 persolvi

541 1431 742 1493 posse
786 1415 1115 1493 putarent.
1203 1411 1513 1473 Attamen
1560 1432 1703 1474 cum
1748 1418 2015 1478 senatus
2058 1433 2145 1476 ne
2189 1413 2405 1476 obiter
2449 1431 2563 1475 res
2602 1412 2833 1475 absol-

541 1502 823 1576 veretur,
873 1516 990 1558 sex
1033 1514 1291 1558 menses
1337 1495 1763 1577 postulasset,
1812 1498 2195 1561 centumviri
2252 1497 2635 1580 ambagibus
2686 1498 2831 1578 qui-

541 1581 813 1645 busdam
838 1580 1032 1644 factis
1054 1580 1230 1642 istud
1257 1581 1517 1660 quidem
1540 1587 1797 1663 tempus
1820 1584 2339 1665 comprobabant
2370 1581 2506 1665 (die
2534 1585 2591 1645 6.
2614 1581 2833 1664 Jan.).

545 1666 920 1730 Revisionis
988 1671 1206 1728 autem
1271 1665 1397 1727 hoc
1467 1666 1665 1728 etiam
1733 1668 2077 1731 consilium
2121 1668 2261 1746 fuit,
2320 1673 2393 1730 ut
2434 1687 2557 1749 pro
2597 1667 2833 1748 lingua

551 1753 864 1815 saxonica
927 1749 1452 1833 (plattdeutsch),
1525 1771 1653 1832 qua
1715 1757 1945 1816 vetera
2012 1753 2295 1815 civitatis
2353 1753 2511 1833 jura
2574 1753 2837 1834 scripta

546 1844 786 1915 essent,
833 1836 1059 1916 lingua
1105 1834 1499 1898 Germanica
1544 1836 2055 1920 (hochdeutseh)
2100 1837 2542 1901 adhiberetur.

759 1921 1039 1985 Senatus
1085 1939 1262 1998 ver0,
1329 1921 1426 1982 uti
1482 1921 1623 2002 jam
1693 1941 1775 1984 ex
1820 1922 2091 1985 decreto
2152 1922 2283 1985 diei
2328 1924 2430 1986 31.
2474 1921 2663 2000 Mart,
2720 1942 2839 2002 ap-

546 2012 754 2087 paret,
826 2005 1084 2086 singula
1147 2005 1497 2068 revisionis
1565 2007 1837 2088 negotia
1899 2007 2195 2088 singulos
2248 2008 2422 2070 inter
2478 2011 2837 2069 senatores

549 2091 1002 2154 distribuebat.
1091 2089 1308 2152 Electi
1366 2096 1518 2153 sunt
1564 2091 1906 2154 duodecim
1950 2093 2279 2155 revisores
2326 2092 2425 2155 hi:
2481 2091 2611 2153 duo
2654 2089 2837 2153 Con-

551 2176 725 2239 sules
749 2175 1008 2238 Ditrich
1030 2195 1180 2237 vom
1202 2174 1269 2236 H
1287 2175 1454 2238 olte
1484 2181 1553 2238 et
1580 2175 1968 2239 Vincentius
2001 2177 2239 2246 Moller
2262 2173 2669 2260 (Moeller)
2686 2175 2834 2255 Lt.;

549 2281 713 2324 unus
758 2261 1063 2343 syndicus
1110 2259 1498 2322 Vincentius
1562 2261 1853 2324 Moller
1882 2263 2031 2343 D1·.;
2094 2269 2160 2330 et
2204 2282 2434 2324 novem
2482 2266 2837 2323 senatores

546 2347 876 2410 Reinhold
908 2344 1279 2408 Walravo
1315 2343 1462 2427 Lt.,
1500 2345 1778 2408 Hinrich
1800 2367 1929 2409 von
1952 2346 2382 2428 Spreckels
2404 2367 2518 2424 en,
2546 2343 2835 2407 Hinrich

549 2431 778 2512 Sylm,
827 2429 1170 2492 Eberhard
1214 2429 1477 2509 Esich,
1529 2430 1806 2508 Hinrich
1851 2431 2067 2494 Wich
2085 2453 2340 2511 mann,
2384 2431 2836 2511 Hieronymus

559 2515 918 2597 Voeglcr
962 2514 1106 2595 Dr.‚
1154 2513 1501 2579 Eberhard
1547 2515 2035 2598 Twestrcng
2079 2516 2216 2597 Lt.,
2260 2515 2609 2584 Sebastian
2674 2535 2835 2577 von

549 2602 872 2682 ‚Bergcn
916 2598 1019 2660 Lt.
1091 2604 1158 2661 et
1219 2599 1493 2662 Didrich
1537 2602 1817 2681 Apsen,
1852 2601 1955 2664 Lt.
2044 2602 2227 2664 Inter
2273 2620 2437 2682 quos
2493 2600 2837 2667 cambio·

547 2707 704 2748 rum
750 2684 1090 2747 materia
1133 2684 1453 2747 Hinricho
1502 2685 2009 2748 Wichmanno
2056 2686 2122 2748 in
2169 2687 2391 2767 specie
2424 2685 2669 2747 tradita
2706 2691 2837 2763 est,

553 2791 932 2852 quamquam
1001 2769 1197 2832 ctiam
1259 2770 1535 2832 Hinrich
1600 2791 1749 2836 von
1812 2771 2359 2852 Spreckelsen
2428 2775 2497 2832 et
2550 2768 2839 2832 Hinrich

552 2857 785 2938 Sylm,
837 2854 1070 2936 quibus
1114 2861 1464 2934 praeterea
1496 2855 1653 2935 jura
1695 2856 1970 2935 navium,
2019 2855 2596 2933 assecurationum,
2642 2854 2837 2916 insti-

549 2951 759 3004 torum
807 2946 874 3002 et
918 2939 1208 3001 foeneris
1253 2939 1496 3002 nautici
1538 2939 1897 3003 revidenda
1931 2947 2138 3021 erant,
2187 2941 2583 3008 cambiorum
2627 2958 2841 3019 nego-

551 3028 707 3090 tium
751 3030 1163 3106 pertractare
1211 3021 1663 3104 debebant-“²⁹7

762 3109 942 3184 Quae
990 3107 1246 3189 quidem
1292 3110 1378 3171 ab
1409 3109 1511 3171 his
1542 3110 1698 3171 viris
1730 3110 2029 3190 perfecta
2070 3115 2239 3189 sunt,
2286 3129 2417 3171 11011
2448 3114 2574 3170 tam
2608 3107 2839 3188 legum

553 3202 846 3258 veterum
888 3193 1480 3274 Hamburgensium
1524 3195 1997 3274 recensionem,
2060 3195 2179 3257 sed
2223 3192 2471 3280 jurium
2511 3191 2843 3255 Hambur-
2938 3247 2940 3258 Α

552 3280 845 3362 gensium
895 3284 961 3340 et
1005 3279 1500 3359 peregrinorum
1548 3271 1963 3341 colla³tionen1
2022 3287 2089 3342 et
2145 3277 2673 3360 compilationem
2726 3299 2843 3340 no·

553 3367 796 3440 minare
842 3362 1018 3425 lieet.
1092 3362 1257 3425 Nam
1303 3362 1429 3425 etsi
1474 3365 1560 3426 ad
1596 3363 2119 3445 Hamburgensis
2170 3363 2325 3426 'uris
2371 3362 2589 3428 fontes
2632 3361 2845 3444 legis·
2938 3369 2940 3372 ‘

550 3453 798 3514 latores
843 3447 1200 3514 rediissent
1243 3453 1311 3509 et
1343 3447 1456 3529 jus
1506 3449 1777 3510 civicum
1823 3449 1973 3511 anni
2026 3449 2144 3510 149
2237 3453 2306 3510 et
2347 3446 2843 3510 ordinationem
2938 3489 2940 3514 2

540 3533 925 3619 judicialem
973 3533 1124 3596 anni
1173 3533 1337 3594 1560
1386 3537 1453 3594 et
1496 3553 1803 3596 recessus
1836 3539 1906 3596 et
1927 3532 2415 3615 burspracham,
2464 3531 2547 3593 de
2594 3531 2847 3610 quibus
2938 3519 2940 3602 ζ

537 3624 682 3714 jam
727 3620 966 3688 dictum
1016 3624 1138 3697 cst,
1183 3617 1452 3680 multum
1499 3618 1974 3698 adhibuissent,
2008 3625 2236 3682 tamen
2270 3617 2353 3680 ad
2386 3615 2845 3684 emendandas

811 3809 922 3816 .-—.0—-

764 3908 831 3976 ⁵³)
905 3913 1189 3974 Praeterea
1217 3913 1350 3976 juris
1387 3916 1843 3964 territorialis
1882 3911 2222 3979 (Laudi-seht)
2262 3913 2451 3963 revisio
2488 3914 2639 3962 Hinr.
2682 3913 2843 3963 Gar-

543 3999 708 4032 mers
757 3988 985 4040 senatori
1044 3986 1315 4034 commissa
1363 3992 1458 4038 est.
1554 3985 1791 4049 Denique
1832 3985 2223 4049 jureconsultus
2269 3985 2571 4049 peregrinus
2618 3985 2845 4048 quidam

547 4056 755 4103 nomine
792 4055 1132 4107 Dietcrich
1172 4056 1424 4108 adductus
1464 4057 1617 4121 vulgo
1656 4073 1769 4106 esse
1806 4057 2013 4116 dieitur,
2069 4057 2213 4119 enjus
2267 4069 2436 4118 neque
2488 4056 2543 4104 in
2596 4058 2841 4119 negotia-

547 4126 772 4177 tionibus
827 4129 948 4184 anni
1011 4129 1162 4188 1603,
1219 4141 1386 4189 neque
1440 4128 1495 4176 in
1552 4129 1857 4178 recentioris
1907 4128 2195 4187 revisionis,
2234 4139 2367 4187 quae
2404 4128 2555 4176 annis
2598 4128 2745 4181 1601
2784 4135 2841 4176 et

556 4199 688 4249 lii-75
745 4198 884 4248 faeta
941 4208 1034 4260 est,
1091 4199 1414 4246 documentis
1472 4207 1525 4250 et
1573 4201 1757 4248 litteris
1818 4199 2029 4260 qumvis
2065 4198 2261 4246 mentio
2313 4204 2390 4246 est
2427 4198 2587 4260 facta,
2639 4198 2724 4246 ita
2760 4207 2843 4259 ut,

546 4267 666 4315 sire
707 4284 826 4317 vera
865 4272 930 4328 ad
969 4285 1098 4332 opus
1117 4269 1488 4326 absolvendum
1530 4286 1705 4320 curam
1732 4270 2061 4334 impenderit,
2102 4270 2463 4318 tantummodo
2490 4269 2841 4320 adhiberetur

547 4347 779 4401 tempore
816 4356 918 4401 quo
956 4341 1190 4396 recensio
1223 4341 1355 4402 juris
1415 4343 1561 4402 prelo
1601 4343 1913 4402 traderetur,
1976 4341 2195 4390 fortasse
2253 4346 2307 4388 nt
2364 4341 2571 4404 linguae
2610 4339 2837 4390 Germa·

549 4409 698 4458 nicae
736 4413 1014 4474 puritatem
1055 4419 1278 4458 curaret.
