2950 4992
1041 457 1464 520 ..33...

112 606 199 668 sis
271 612 342 670 et
411 607 492 670 de
561 609 735 670 omni
779 609 1012 672 damno
1056 608 1353 689 legitimo
1399 613 1701 692 tempore
1757 627 1849 672 sc.
1896 609 2003 672 die
2048 627 2177 688 quo
2224 630 2412 691 cam-¹

107 691 198 752 bii
242 691 490 764 solutio
532 692 946 774 praescripta
989 692 1092 772 sit,
1151 692 1450 759 satisfiat.
1538 693 1873 758 Articulus
1932 694 1968 756 8
2018 693 2387 758 institorem

112 795 188 837 eo
240 775 391 839 solo
437 797 597 840 casu
640 796 761 858 per
805 777 1204 841 cambiorum
1258 797 1440 840 suam
1493 777 2021 860 acceptationem
2064 777 2390 842 dominum

110 859 413 942 obligare
461 861 776 941 declarat,
826 862 882 925 si
921 862 1010 926 ad
1051 862 1177 926 hoc
1223 862 1559 944 expressis
1602 862 1846 928 domini
1886 861 2125 926 litteris
2168 867 2389 926 aucto-

105 950 291 1008 ratus
335 945 554 1009 fuerit.
575 943 657 1027 ⁸⁹)
745 946 1045 1028 Denique
1089 946 1402 1010 articulus
1446 946 1709 1012 ultimus
1756 967 1848 1010 sc.
1898 948 1996 1010 12.
2031 947 2389 1028 singularia

107 1030 431 1110 quaedam
477 1031 558 1094 de
605 1031 872 1095 cambiis
917 1031 1374 1094 nundinalibus
1421 1051 1588 1111 quae
1628 1031 1961 1114 regularia
1990 1050 2247 1112 quoque
2278 1052 2387 1095 vo·

107 1121 359 1194 cantur,
429 1116 826 1197 praescribit
890 1117 960 1178 in
1024 1117 1286 1180 casibus
1361 1117 1593 1197 quibus
1662 1116 1979 1181 cambium
2044 1121 2387 1198 acceptum

103 1199 405 1281 legitimo
452 1205 748 1282 tempore
793 1219 924 1264 non
972 1200 1264 1263 solvitur.

319 1284 764 1348 Articulorum
826 1303 986 1348 vero
1033 1286 1090 1364 9,
1145 1287 1242 1364 10,
1296 1286 1391 1363 11,
1467 1285 1578 1366 qui
1634 1304 1716 1348 ex
1778 1285 2183 1366 Antverpiae
2226 1285 2383 1366 jure

103 1368 246 1432 fere
294 1370 693 1432 verbotenus
737 1369 1044 1432 translati
1086 1375 1252 1448 sunt,
1301 1368 1426 1431 hoc
1475 1374 1580 1432 est
1622 1375 2089 1450 argumentum.

318 1453 656 1516 Articulus
701 1472 910 1518 nonus
955 1454 1038 1517 de
1086 1473 1242 1517 casu
1286 1458 1599 1533 tractam,
1652 1472 1780 1535 quo
1812 1454 2188 1535 assignatus
2221 1473 2384 1518 cam-

103 1537 286 1599 bium
325 1538 632 1618 accipere
670 1537 894 1618 noluit,
941 1538 1210 1602 honoris
1257 1557 1492 1602 caussa
1536 1538 2065 1619 acceptationem
2102 1537 2391 1604 admittit

104 1628 173 1683 et
218 1621 366 1703 ejus
413 1622 531 1703 qui
574 1622 844 1685 honoris
889 1641 1124 1686 caussa
1153 1629 1511 1704 acceperat
1541 1623 1699 1704 jura
1730 1622 1989 1686 diverse
2024 1621 2383 1700 constituit,

105 1706 158 1768 si
203 1705 322 1768 isti
363 1702 757 1770 remittentis
803 1707 978 1770 actio
1040 1705 1369 1790 („durch
1414 1705 1953 1790 Transport“)
2010 1725 2203 1770 cessa
2262 1712 2383 1785 est,

101 1797 217 1852 aut
263 1809 428 1872 non3
501 1811 666 1872 quae
733 1791 950 1855 cessio
1005 1791 1148 1872 jam
1211 1791 1278 1852 in
1323 1791 1533 1854 forma
1572 1790 2049 1854 indossamenti
2091 1790 2235 1854 fieri
2280 1791 2386 1853 de-

103 1875 270 1954 buit,
339 1881 412 1936 ut
479 1875 684 1938 omnis
744 1874 1078 1939 cambialis
1126 1875 1406 1938 actionis
1451 1876 1551 1938 vis
1596 1875 1919 1940 translata
1963 1876 2071 1940 sit.
2167 1869 2390 1938 Verba

101 1959 310 2042 igitur
369 1959 664 2040 „durch
721 1959 1226 2042 Transport“
1283 1966 1355 2023 ut
1417 1959 1889 2024 indossamenti
1951 1979 2135 2024 usum
2208 1964 2389 2024 certe

103 2044 372 2124 quidem
417 2044 904 2124 constituamuS,
955 2064 1034 2108 eo
1079 2044 1227 2126 plus
1271 2044 1512 2124 valent,
1576 2063 1703 2125 quo
1760 2044 2023 2108 articuli
2064 2044 2390 2109 undecimi

105 2129 491 2191 sanctiones
559 2129 1050 2192 indossamenta
1117 2148 1432 2211 expresse
1480 2129 1670 2192 nobis
1714 2128 2060 2192 admisisse
2124 2129 2387 2192 videan-

101 2209 328 2294 tur.⁷⁰)
375 2211 548 2276 Vide
590 2219 814 2276 notam
859 2207 936 2277 71
987 2218 1055 2276 et
1099 2231 1240 2293 squ.

317 2297 651 2361 Articulus
699 2298 984 2360 decimus
1029 2302 1228 2378 vetat,
1277 2317 1359 2360 ne
1406 2299 1553 2379 quis
1598 2303 1751 2360 ante
1796 2297 1864 2358 in
1904 2295 2157 2358 cambio
2190 2295 2385 2358 desti-

101 2387 330 2444 natum
374 2386 628 2463 tempus
675 2382 1071 2445 solutionem
1115 2388 1429 2465 praestet,

317 2466 650 2529 Articulus
680 2467 1054 2530 undecimus
1085 2469 1294 2548 prima
1318 2467 1955 2529 indossamentorum
1987 2464 2383 2528 lineamenta

103 2549 458 2630 designare
503 2551 782 2614 videtur.
873 2551 1058 2614 Tunc
1103 2552 1418 2634 temporis
1459 2551 1718 2614 scilicet
1758 2549 1826 2611 in
1870 2569 1992 2613 usu
2039 2549 2179 2628 fuit,
2228 2553 2301 2611 ut
2343 2569 2383 2612 a

99 2635 482 2698 remittente
528 2635 611 2698 ad
655 2637 976 2718 pecuniae
1033 2635 1428 2699 solutionem
1471 2633 1922 2715 accipiendam
1966 2634 2200 2696 tertius
2248 2632 2380 2714 qui-

102 2719 272 2797 dam,
323 2720 433 2799 qui
477 2721 944 2784 commissus
993 2719 1392 2802 (germanice
1422 2717 1771 2796 KommisS,
1816 2717 2054 2798 gallice
2088 2715 2383 2795 commis)

103 2823 223 2866 seu
279 2803 498 2866 factor
549 2806 1022 2884 nominabatur,
1083 2804 1501 2885 adjiceretur.
1594 2801 1795 2881 Cujus
1852 2819 2013 2864 vero
2060 2801 2387 2864 commissi

102 2907 345 2950 nomen
400 2889 541 2969 jam
613 2891 744 2953 isto
811 2895 1108 2972 tempore
1175 2889 1241 2950 in
1306 2887 1507 2949 dorso
1555 2884 1789 2948 cambii
1836 2883 2220 2968 („zuriick
2264 2885 2383 2950 des

101 2971 504 3036 Wechsels·“
549 2975 643 3036 uti
689 2973 876 3056 Vogt
915 2994 979 3056 p.
1034 2973 1154 3035 106
1204 2969 1392 3054 dicit)
1437 2971 1625 3054 poni,
1696 2988 1857 3050 ergo
1912 2969 2388 3032 indossamenti

100 3057 318 3119 forma
363 3058 619 3122 absolvi
665 3064 735 3121 et
765 3057 1060 3140 generali
1090 3057 1350 3120 nomine
1397 3054 1746 3137 „giriren“
1794 3073 1911 3117 seu
1942 3053 2385 3136 „transporti-

99 3142 274 3203 ren“
349 3142 668 3206 nominari
743 3143 1020 3206 solebat.
1135 3141 1519 3223 Heydigero
1592 3139 1794 3220 igitur
1870 3138 2093 3202 dicere
2168 3138 2382 3202 licuit:

102 3225 418 3304 „Jedoch
449 3226 671 3290 fiihret
715 3225 1138 3308 dergleichen
1178 3227 1674 3288 indossameut
1715 3223 1929 3285 nicht
1962 3223 2430 3305 jederzeit·

77 3311 252 3376 ,eine
303 3311 704 3375 schlechte
771 3330 1116 3392 procuram
1185 3309 1348 3372 oder
1394 3308 1609 3371 Ordre
1664 3308 1833 3370 nach
1893 3308 2051 3389 sich,
2100 3308 2387 3374 sondern

319 3545 394 3619 ⁶⁹)
481 3549 570 3606 De
631 3567 746 3624 qua
803 3566 868 3604 re
928 3547 1048 3604 isto
1111 3557 1381 3621 tempore
1428 3549 1681 3603 multum
1723 3544 2090 3618 disputatum
2133 3543 2269 3614 fuit,
2331 3544 2389 3599 id

102 3627 267 3701 quod
321 3625 482 3700 Vogt
524 3627 556 3680 Ι.
604 3643 633 3678 c
698 3643 748 3695 p.
803 3626 905 3679 118
947 3633 1168 3680 narrat.

319 3700 396 3770 ⁷⁰)
481 3700 800 3756 Sciendum
846 3707 960 3767 est,
1005 3698 1126 3755 ista
1178 3701 1304 3770 jam
1363 3704 1567 3753 aetate
1611 3704 1673 3751 et
1714 3704 1905 3752 totum
1973 3713 2079 3766 per
2124 3695 2389 3750 saeclum

107 3775 312 3833 Xvn.
353 3776 541 3834 verba
581 3775 773 3844 quoad
814 3772 1240 3831 indossandum
1286 3771 1564 3829 technica
1605 3789 1724 3826 non
1760 3768 2079 3826 exstitisse
2106 3777 2167 3824 et
2214 3767 2390 3824 etiam

107 3852 351 3908 verbis:
438 3849 882 3923 Transportare
927 3847 1370 3921 (transportus)
1427 3857 1487 3902 et
1540 3846 1753 3902 cedere
1812 3842 2069 3913 (cessio)
2112 3844 2391 3900 indossa-

105 3926 300 3982 menti
361 3925 612 3982 formam
677 3921 1072 3997 significatam
1136 3943 1290 3980 esse.
1394 3921 1543 3976 Vide
1588 3917 2026 3993 Heydigernm,
2094 3919 2194 3995 qui
2236 3937 2390 3975 anno

118 4005 262 4058 1672
319 3999 562 4073 scripsit
614 4009 675 4054 et
718 4019 768 4073 p.
824 4002 922 4054 129
967 4008 1028 4054 et
1079 4002 1179 4056 130
1233 3997 1378 4054 haec
1431 3995 1631 4054 omnia
1669 3995 1854 4052 verba
1902 3994 1965 4050 in
2006 4013 2177 4049 usum
2221 3992 2391 4050 adhi-

111 4078 261 4132 buit.
347 4076 656 4148 Expresse
701 4093 780 4129 sc.
829 4071 1146 4148 Heydiger
1205 4074 1278 4128 de
1338 4068 1650 4142 „Girir-“
1693 4071 1837 4127 oder
1900 4067 2392 4140 'l'rnnsporti-

107 4171 304 4226 rung
363 4153 470 4206 der
526 4146 864 4204 VVecbseU‘
927 4147 1190 4222 loquitur
1233 4148 1316 4220 (p.
1371 4151 1523 4218 129),
1582 4144 1735 4202 idem
1781 4165 1913 4220 pag.
1966 4147 2066 4199 130
2126 4141 2393 4217 „girirte

106 4229 230 4284 und
275 4223 834 4298 transportirte
880 4220 1452 4280 Wechselbriefl'e.“
1536 4221 1614 4278 Et
1656 4222 1858 4277 eadem
1903 4219 2086 4275 verba
2116 4217 2391 4275 invenies

105 4305 170 4359 in
215 4300 753 4359 constitutionibus
795 4297 1173 4354 Francofurt.
1218 4316 1350 4354 ann.
1400 4301 1543 4354 1020
1573 4306 1634 4353 et
1676 4299 1811 4352 1635
1855 4295 2005 4368 apud
2048 4293 2210 4371 Vogt
2254 4313 2385 4367 pag.

117 4381 243 4434 ¹28.
327 4375 403 4430 cf.
450 4376 626 4431 etiam
673 4372 946 4442 Rennud‚
995 4373 1456 4429 Wechselreeht
1500 4373 1588 4427 ed.
1624 4375 1677 4427 2.
1722 4373 1929 4438 (1857)
1974 4367 2024 4438 S.
2060 4373 2147 4424 47.
2232 4368 2393 4426 Ben-

109 4455 218 4508 der
259 4473 313 4525 p.
360 4453 486 4506 561.

1900 4567 1937 4626 3
