2950 4992
1523 431 1945 495 —14ffl

599 585 684 668 3.
709 584 806 654 Β.
842 581 1523 653 Fundamenta
1547 580 2021 655 luston-lea
2040 586 2169 655 nd
2184 585 2886 674 numburgen-

639 696 897 767 sium
938 711 1185 782 opus
1225 693 1707 765 eamblale
1748 700 2013 766 reete
2049 695 2842 783 dist-meandum.

807 822 993 889 Neve
1041 822 1123 885 de
1168 823 1396 904 paucis
1440 823 1631 884 istius
1674 822 2115 904 legislationis
2160 826 2679 908 Hamburgensis
2724 831 2883 892 arti-

595 908 758 974 culis
802 910 1022 989 inique
1069 907 1409 990 dijudiceS,
1470 909 1716 970 haecce
1772 909 1927 970 mihi
1970 929 2103 972 non
2148 913 2743 992 praetermittenda
2796 915 2883 974 vi-

598 997 834 1059 dentur
880 1013 1050 1056 esse.

807 1078 1021 1161 Hujus
1067 1077 1234 1140 enim
1279 1073 1718 1157 legislationis
1764 1082 2063 1160 tempore
2109 1099 2230 1160 per
2257 1078 2666 1143 Germaniam
2714 1079 2883 1144 nihil

594 1165 856 1230 omnino
905 1165 986 1225 de
1034 1162 1300 1225 cambiis
1349 1161 1661 1243 scriptum
1715 1161 1823 1224 vel
1865 1161 2124 1244 legibus
2177 1164 2552 1226 mandatum
2594 1165 2723 1228 fuit
2772 1186 2879 1229 ne·

595 1269 722 1332 que
766 1247 932 1330 plus,
980 1267 1170 1328 quam
1215 1246 1513 1328 singulae
1560 1245 1963 1326 singulorum
2010 1267 2273 1310 casuum
2318 1249 2726 1312 cambialium
2775 1253 2881 1313 de-

594 1335 879 1399 cisiones
927 1333 1334 1410 exstiterunt,
1402 1331 1573 1394 adeo
1628 1336 1701 1391 ut
1743 1331 2279 1414 Hamburgenses
2334 1332 2457 1395 hac
2502 1335 2769 1415 quidem
2820 1336 2879 1396 in

592 1419 868 1484 materia
919 1436 1154 1479 novam
1209 1435 1481 1498 prorsus
1539 1415 1710 1477 viam
1778 1421 2076 1480 sternere
2135 1423 2203 1480 et
2244 1423 2571 1498 tamquam
2612 1421 2697 1482 ab
2747 1439 2877 1482 ovo

589 1504 884 1584 incipere
930 1501 1268 1564 deberent.
1355 1499 1703 1581 Peregrini
1770 1500 1897 1563 soli
1941 1501 2185 1582 aliquid
2252 1502 2338 1564 ad
2383 1503 2872 1566 succedendum

595 1596 664 1652 et
705 1586 1084 1650 imitandum
1126 1587 1573 1667 praebuerunt
1600 1605 1811 1666 neque
1845 1605 2069 1649 eorum
2108 1587 2448 1650 doctrinae
2492 1593 2560 1650 et
2590 1591 2876 1652 sanctio·

595 1693 714 1737 nes
769 1670 1274 1754 particularibus
1323 1670 1789 1734 Germanorum
1848 1677 1917 1733 et
1972 1671 2231 1751 quidem
2274 1670 2875 1754 Hamburgensium

598 1755 1081 1822 conditionibus
1125 1755 1322 1837 plane
1353 1759 1549 1836 aptae
1582 1759 1777 1834 atque
1809 1755 2087 1818 idoneae
2119 1756 2399 1837 fuerunt,
2446 1757 2541 1819 ita
2570 1763 2643 1818 ut
2674 1759 2875 1822 etiam

592 1844 659 1905 in
700 1840 1014 1904 imitando
1058 1859 1194 1902 non
1233 1857 1448 1920 pauca
1492 1839 1802 1901 varianda
1858 1845 1927 1902 et
1981 1859 2153 1904 nova
2198 1840 2570 1922 adjicienda
2614 1847 2685 1904 et
2727 1862 2875 1924 per-

593 1927 795 1990 multa
837 1925 1284 1990 submovenda
1327 1929 1570 2000 essent.
2726 1951 2731 1956 ·

799 2009 1160 2072 Praeterea.
1203 2025 1627 2088 quaecunque
1683 2007 2019 2088 peregrini
2068 2009 2155 2072 ad
2200 2008 2646 2074 facilitandum
2702 2031 2875 2093 opus

589 2093 1200 2175 Hamburgen'sibus
1243 2093 1704 2174 praebuerunt,
1774 2092 1830 2154 si
1894 2093 2249 2156 secundum
2310 2099 2579 2158 nostrae
2624 2097 2875 2159 aetatis

591 2179 954 2244 doctrinam
999 2182 1196 2258 atque
1242 2182 1447 2240 artem
1490 2176 1706 2239 metiri
1748 2175 1932 2257 velis,
2000 2177 2267 2242 minoris
2336 2179 2595 2242 omnino
2658 2182 2871 2262 pretii

589 2264 894 2329 habenda
938 2268 1105 2327 sunt.
1187 2261 1547 2324 Recentior
1594 2261 1761 2324 enim
1804 2261 2138 2326 cambialis
2182 2263 2611 2326 institutionis
2681 2265 2871 2329 efflo-

591 2348 916 2414 rescentia
964 2346 1218 2430 epocha
1260 2345 1374 2409 illa
1415 2346 1527 2408 vix
1566 2345 1874 2410 inchoata
1916 2345 2055 2426 fuit,
2103 2348 2406 2426 quoniam
2447 2369 2507 2411 v,
2540 2369 2601 2430 g.
2644 2351 2873 2414 indos-

591 2437 887 2499 samenta
949 2433 1060 2494 vix
1125 2436 1240 2496 aut
1302 2450 1436 2493 non
1482 2429 1623 2512 jam
1680 2430 1947 2494 inventa
1994 2438 2199 2512 erant,
2245 2451 2457 2512 neque
2501 2433 2631 2516 ipsi
2673 2454 2873 2516 pere-

593 2518 790 2602 grini,
829 2516 1004 2578 inter
1052 2534 1216 2596 quos
1260 2514 1392 2577 isto
1428 2515 1571 2597 Jam
1614 2521 1913 2598 tempore
1961 2517 2358 2580 cambiorum
2402 2537 2555 2582 usus
2584 2521 2871 2584 maxime

591 2602 962 2683 divulgatus
1027 2599 1168 2678 fuit,
1234 2597 1387 2662 Itali
1433 2605 1501 2662 et
1547 2599 1739 2680 Galli,
1807 2605 2207 2682 potestatem
2266 2602 2393 2665 sibi
2448 2622 2874 2685 comparave-

589 2692 757 2766 rant,
805 2691 878 2748 ut
919 2704 1157 2748 novum
1202 2684 1537 2748 cambiah's
1584 2685 1957 2750 commercii
2009 2705 2266 2749 cursum
2324 2682 2623 2751 doctrina
2674 2697 2875 2754 recte

589 2771 1040 2851 intelligerent
1090 2775 1158 2834 et
1199 2768 1613 2850 legislatoria
1656 2775 1799 2833 arte
1844 2789 2017 2842 novo
2087 2771 2303 2834 cursui
2348 2773 2642 2852 aptiores
2686 2774 2873 2855 juris

583 2875 844 2922 normas
888 2859 1283 2936 promerent.
1375 2851 1568 2928 Quod
1612 2873 1803 2934 quam
1844 2874 2067 2919 verum
2112 2857 2215 2935 sit,
2262 2858 2583 2920 neminem
2626 2856 2870 2940 fugiet,

589 2943 700 3024 qui
744 2939 1150 3022 cognoverit,
1198 2939 1307 3017 qui
1349 2957 1557 3018 usque
1603 2940 1689 3002 ad
1732 2959 1967 3004 annum
2014 2941 2177 3003 1600
2246 2942 2328 3004 de
2396 2941 2663 3006 cambiis
2709 2944 2875 3007 libri

589 3025 949 3107 conscripti
1015 3029 1084 3087 et
1111 3077 1124 3085 .
1148 3041 1314 3102 quae
1381 3023 1466 3085 ad
1522 3023 1916 3087 cambiorum
1970 3043 2155 3088 usum
2200 3026 2629 3090 ordinandum
2670 3026 2873 3110 leges

582 3113 880 3176 sancitae
924 3107 1186 3172 fuerint.

779 3193 1075 3256 Brevem
1115 3191 1316 3274 igitur
1357 3191 1631 3254 istorum
1664 3192 2195 3256 documentorum
2218 3193 2586 3278 catalogum
2619 3195 2873 3262 lectori

589 3278 915 3343 benevale
959 3295 1420 3358 proponemus,

794 3363 928 3426 Per
970 3361 1196 3444 priora
1239 3361 1499 3440 quidem
1532 3359 1703 3444 juris
1751 3360 2085 3425 cambialis
2118 3363 2480 3426 crescentis
2514 3363 2744 3428 saecla
2780 3368 2866 3431 de

587 3449 856 3512 cambiis
901 3465 1168 3510 normae
1214 3445 1356 3509 solo
1402 3450 1837 3510 mercatorum
1880 3464 2003 3508 usu
2047 3452 2115 3510 et
2141 3447 2331 3528 praxi
2363 3450 2871 3515 consuetudinis

586 3534 650 3595 vi
696 3538 965 3596 exortae
1012 3536 1178 3610 sunt,
1228 3530 1549 3610 siquidem
1602 3529 2041 3611 jureconsulti
2098 3531 2236 3613 juri
2282 3533 2455 3595 civili
2512 3540 2712 3612 atque
2768 3557 2873 3600 ca-

585 3618 824 3681 nonico
885 3621 1068 3678 totos
1135 3635 1208 3679 se
1277 3614 1671 3678 dediderunt
1706 3613 2033 3695 planeque
2090 3617 2202 3696 jus
2247 3635 2485 3681 novum
2540 3619 2872 3685 cambiale

583 3703 989 3783 ignorarunt,
1034 3701 1130 3763 ita
1169 3706 1245 3762 ut
1283 3699 1585 3782 theologi
1625 3700 1756 3762 ista,
1798 3705 2017 3763 aetate
2062 3699 2203 3762 fere
2263 3700 2410 3782 plus
2457 3721 2646 3782 quam
2678 3703 2873 3784 jure-

586 3786 867 3850 consulti
912 3784 1306 3847 cambiorum
1347 3786 1489 3847 vias
1532 3781 1789 3864 sequuti
1846 3785 1993 3846 sint.
2080 3783 2311 3864 Neque
2356 3787 2627 3869 judiciis
2686 3807 2870 3854 com-

583 3871 882 3934 munibus
929 3873 997 3931 et
1037 3868 1449 3950 regularibus
1496 3868 1579 3931 de
1624 3867 1873 3932 caussis
1920 3869 2314 3932 cambiorum
2372 3871 2873 3954 dijudicandum

585 3955 727 4036 fuit,
787 3952 1309 4034 quandoquidem
1364 3953 1445 4016 de
1510 3953 1913 4016 commerciis
1970 3953 2369 4033 cambiisque
2422 3963 2871 4022 mercatorum

588 4060 670 4104 ex
710 4057 979 4102 numero
1027 4037 1394 4120 composita
1423 4037 1681 4119 judicia
1720 4037 2102 4119 plerumque
2148 4038 2613 4104 decernebant.

795 4121 1054 4198 Quanta
1115 4141 1274 4185 vero
1339 4141 1555 4184 rerum
1622 4123 2027 4186 cambialium
2094 4123 2291 4186 etiam
2346 4126 2522 4188 intra
2564 4126 2873 4192 saeclum

580 4207 766 4272 XIV.
813 4213 884 4272 et
923 4204 1168 4290 XV.²²)
1221 4205 1483 4269 inscitia
1526 4210 1895 4287 quantaque
1938 4207 2225 4272 ruditate
2266 4207 2397 4290 ipsi
2441 4208 2871 4276 celeberrimi

793 4355 864 4426 22)
936 4357 1072 4412 Vide
1107 4360 1386 4412 Bienerum
1424 4360 1873 4426 (VVecbselr-echtl.
1899 4364 2317 4430 Abhandlungen
2358 4364 2517 4431 1859)
2554 4379 2605 4428 p.
2632 4367 2705 4420 79
2748 4379 2873 4432 aqu.

583 4429 819 4480 Holtinm
855 4430 1310 4498 (Abhandlnngem
1347 4433 1611 4483 transtulit
1648 4432 1825 4497 Βοὴ-ο,
1870 4435 2025 4502 1852)
2062 4453 2113 4502 p.
2158 4439 2258 4492 169
2296 4451 2407 4499 squ.
