2950 4992
1021 424 1446 485 —25-

92 585 159 642 et
203 578 604 662 supplendas
653 584 720 641 et
767 579 1196 660 corrigendas
1255 579 1511 660 patriae
1576 577 1764 658 leges
1830 576 1913 639 ad
1980 578 2369 659 peregrinos

91 665 308 732 fontes
351 665 464 728 isti
507 664 631 726 viri
677 665 1076 727 accedentes
1124 682 1549 744 quaecunque
1596 662 1827 724 civium
1895 663 2040 724 usui
2108 668 2176 725 et
2240 662 2367 725 fori

88 751 278 830 praxi
321 754 770 812 consentanea
815 769 964 812 6336
1008 748 1419 827 videbantur,
1464 748 1533 809 in
1560 767 1795 809 novum
1835 747 2129 810 codicem
2158 754 2366 810 trans-

92 835 399 898 tulerunt.
509 833 877 916 Praecipue
938 832 1322 896 reformatio
1391 852 1559 913 quae
1627 832 1863 894 dicitur
1927 831 2367 895 Norimber-

89 940 240 1001 gen
257 920 365 982 sis
411 919 562 982 anni
612 919 775 982 1564
841 918 1060 981 multis
1126 919 1193 980 in
1258 918 1557 1000 partibus
1616 923 1685 980 et
1737 917 1877 980 fere
1924 919 2127 980 verbo
2174 922 2364 979 tenus

89 1004 528 1086 transscripta
573 1010 694 1067 est.
722 1000 805 1084 ⁵⁴)
893 1003 1027 1066 Alii
1071 1003 1332 1066 articuli
1378 1023 1460 1065 ex
1477 1002 1633 1086 jure
1663 1001 1959 1065 Romano
1994 1001 2369 1151 deprompti

88 1094 258 1168 sunt,
305 1089 414 1151 alii
462 1109 544 1151 ex
589 1088 1166 1151 constitutionibus
1199 1087 1525 1152 Saxoniae
1558 1087 1935 1150 electoralis
1980 1088 2131 1151 anni
2181 1088 2257 1149 15
2307 1088 2362 1165 2,

85 1175 197 1237 alii
265 1194 347 1237 ex
415 1173 723 1237 Carolina
790 1172 1136 1254 desumpti.
1173 1175 1186 1205 ·’
1227 1171 1409 1248 Quae
1475 1192 1637 1235 vero
1692 1172 1777 1234 ad
1822 1172 1937 1253 jus
1982 1171 2363 1234 maritimum
2450 1220 2453 1225 .

84 1259 423 1341 pertinent
469 1258 865 1336 sanctiones,
915 1257 1234 1338 originem
1281 1277 1364 1321 ex
1394 1257 1549 1339 jure
1594 1257 1915 1319 maritimo
1959 1256 2365 1319 Hanseatico

86 1345 242 1407 anni
289 1345 448 1407 1591
508 1343 770 1406 ducunt.
857 1342 1158 1422 Denique
1214 1342 1388 1423 juris
1459 1342 1795 1404 cambialis
1861 1341 2229 1423 positiones
2296 1341 2363 1402 in

85 1430 212 1491 hac
256 1428 463 1510 prima
495 1428 667 1509 juris
712 1427 1238 1508 Hamburgensis
1283 1426 1618 1490 revisione
1664 1447 1747 1490 ex
1790 1426 2161 1508 peregrinis
2206 1426 2365 1507 legi-

85 1515 210 1576 bus
256 1532 387 1575 non
434 1533 582 1576 esse
627 1512 984 1575 translatas
1028 1512 1466 1593 profitendum
1515 1517 1648 1593 est3
1698 1517 1849 1575 sunt
1890 1531 2048 1575 vero
2094 1516 2367 1574 tantum-

83 1598 283 1660 modo
331 1598 612 1678 quinque
658 1597 920 1660 articuli
964 1597 1090 1677 juri
1137 1596 1438 1659 cambiali
1487 1598 1789 1660 concessi
1836 1602 1905 1659 et
1934 1597 2193 1677 quidem
2223 1595 2365 1658 brc-

83 1703 220 1751 ves,
252 1688 322 1745 et
363 1682 660 1764 singulos
705 1682 916 1764 magis
958 1701 1149 1745 casus
1197 1681 1584 1744 decidentes
1632 1701 1819 1762 quam
1839 1682 2011 1762 juris
2043 1680 2368 1763 principia

85 1773 562 1850 proponentes.

298 1852 519 1914 Prima
578 1852 709 1914 ista
774 1850 994 1932 legum
1037 1850 1634 1932 Hamburgensium
1702 1849 1968 1913 collatio
2033 1871 2073 1912 6
2138 1854 2371 1912 senatu

87 1938 326 1999 civium
371 1955 697 1999 consensu
744 1935 850 1998 die
899 1937 996 1997 10.
1047 1934 1194 1998 061.
1249 1954 1453 1998 1116113.
1512 1956 1657 1998 61111.
1709 1937 1872 1998 1603
1935 1935 2367 2017 promulgata,

85 2022 281 2103 prelo
327 2041 485 2085 vero
528 2040 663 2082 non
709 2039 1004 2100 excussa,
1055 2020 1173 2082 sed
1217 2024 1470 2083 tantum
1518 2021 1767 2102 scripta
1813 2026 1933 2084 est.

293 2105 434 2170 Sed
467 2106 609 2188 jam
651 2105 880 2187 paucis
928 2105 1262 2167 mensibus
1308 2106 1688 2186 praeteritis
1718 2125 1952 2169 recens
1987 2104 2369 2186 opusculum

82 2191 307 2254 multis
354 2191 687 2254 erroribus
735 2196 802 2253 et
845 2189 1097 2252 lacunis
1143 2189 1450 2252 laborare
1495 2196 1692 2270 atque
1749 2189 1892 2252 usui
1937 2189 2067 2252 fori
2109 2188 2367 2250 minime

90 2277 447 2339 convenire
512 2275 696 2337 multi
765 2281 833 2337 61
895 2275 1334 2356 sapientiores
1403 2280 1472 2337 et
1512 2275 1642 2356 ipsi
1690 2280 2031 2338 senatores
2078 2272 2372 2336 confessi

86 2366 258 2422 sunt.
347 2361 579 2442 Itaque
652 2380 793 2422 66111
865 2359 1042 2422 cives
1113 2367 1187 2421 ut
1231 2364 1481 2422 statuta
1524 2360 1712 2441 prelo
1761 2379 2039 2423 excussa
2081 2358 2367 2440 publica-

83 2451 331 2524 rentur,
382 2467 421 2508 a
467 2450 700 2508 senatu
746 2444 1008 2526 saepius
1057 2444 1489 2526 postularent,
1540 2446 1720 2508 hisce
1752 2445 2060 2526 precibus
2102 2448 2367 2507 senatus

85 2549 220 2592 non
271 2531 452 2612 prius
499 2529 842 2610 indulgere
888 2530 1112 2608 voluit,
1180 2529 1306 2592 nisi
1369 2531 1574 2592 totius
1640 2531 2079 2612 legislationis
2123 2529 2367 2592 revisio

88 2615 303 2677 (161160
376 2616 678 2678 1113111616
769 2619 967 2677 63361.
1087 2613 1280 2688 Quod
1353 2615 1612 2694 quidem
1688 2615 2027 2678 consilium
2102 2620 2369 2678 senatus

89 2699 325 2762 civium
373 2700 723 2762 conventui
757 2699 896 2780 jam
945 2701 1002 2760 3.
1054 2699 1158 2760 die
1203 2697 1425 2760 Martii
1473 2701 1637 2760 1604
1667 2701 1818 2762 611111
1852 2700 2117 2763 disertis
2148 2699 2369 2761 verbis
2457 2699 2464 2705 ’

89 2783 472 2848 declaravit.
567 2783 953 2865 Complures
1023 2787 1412 2846 statutorum
1453 2783 1770 2846 articulos
1803 2789 2112 2866 totosque
2142 2783 2371 2846 titulos

85 2870 413 2932 obscuros
481 2875 548 2932 et
606 2868 958 2931 lacunosos
1018 2873 1088 2929 et
1129 2886 1483 2948 perversos
1530 2887 1679 2931 esse
1726 2868 1917 2951 dixit3
1960 2876 2111 2932 ante
2158 2868 2374 2931 omnia

87 2973 250 3016 vcro
322 2952 748 3016 cambialis
805 2953 1020 3034 juris
1100 2951 1356 3015 titulum
1438 2973 1587 3016 6336
1664 2954 2117 3035 revidendum3
2188 2953 2371 3034 cujus

87 3038 283 3100 simul
325 3039 522 3120 plane
573 3057 806 3100 novam
851 3037 1301 3101 redactionem
1353 3058 1393 3100 a
1447 3038 1833 3119 quibusdam
1896 3038 2371 3103 mercatoribus

90 3129 162 3184 et
231 3123 648 3186 senatoribus
714 3123 1080 3204 perfectam
1147 3129 1412 3185 senatus
1467 3124 1609 3204 jam
1665 3125 2031 3206 proposuit.
2124 3122 2373 3187 Civium

81 3208 356 3288 quidem
401 3213 764 3271 conventus
813 3207 918 3270 die
970 3209 1066 3269 11.
1099 3206 1258 3287 Maji
1301 3208 1695 3272 revisionem
1742 3229 2011 3292 eamque
2048 3209 2375 3272 seniorum

87 3293 504 3374 superiorum
551 3290 972 3374 (Oberalten)
1023 3311 1348 3354 consensu
1390 3293 1860 3373 perficiendam
1901 3294 2370 3377 comprobavit.

81 3377 243 3446 Jam
285 3397 444 3440 vero
490 3377 669 3439 istud
715 3377 1040 3439 seniorum
1089 3375 1438 3457 collegium
1484 3379 1565 3440 ab
1612 3379 1799 3440 initio
1845 3380 2125 3443 iteratae
2154 3379 2373 3460 legum

79 3462 403 3525 revisioni
481 3461 783 3524 invidens
859 3462 963 3526 dic
1041 3463 1098 3524 5.
1177 3461 1340 3524 Dec.
1419 3461 1809 3526 declaravit:
1882 3465 2150 3528 obstare
2197 3463 2373 3544 quod

69 3548 524 3629 juramentum
567 3567 610 3609 a
653 3546 905 3609 civibus
969 3546 1039 3608 in
1107 3551 1358 3608 statuta
1399 3548 1553 3610 anni
1603 3549 1767 3610 1603
1800 3548 1942 3629 jam
1986 3549 2373 3631 praestitum

83 3632 210 3713 sit3
259 3637 508 3694 statuta
553 3630 844 3712 quamvis
891 3649 1103 3710 neque
1147 3637 1553 3694 mutarentur
1606 3651 1819 3712 neque
1866 3635 2371 3714 adaugerentur,

81 3737 258 3797 quae
304 3716 563 3796 quidem
610 3721 852 3795 essent,
900 3715 1026 3777 fori
1071 3715 1216 3778 usui
1285 3715 1619 3797 sufficere3
1698 3735 1911 3796 neque
1978 3717 2374 3780 emendatio-

77 3802 280 3863 nibus
326 3819 540 3880 neque
587 3799 1052 3862 additamentis
1100 3800 1275 3864 effici
1317 3820 1539 3882 posse,
1600 3807 1674 3863 ut
1715 3801 2081 3884 perfectum
2125 3802 2374 3882 aliquid

80 3892 155 3949 et
225 3886 596 3949 absolutum
662 3886 999 3948 existeret.
1087 3885 1520 3949 Nihilominus
1597 3893 1861 3950 senatus
1932 3887 2237 3970 precibus
2308 3893 2376 3950 et

301 4161 366 4228 ⁵⁴)
441 4165 502 4214 Id
540 4169 678 4229 quod
722 4168 921 4218 Gries
963 4167 1330 4228 (Kommentnr
1370 4187 1487 4218 zum
1508 4170 1837 4234 Hamburger
1876 4168 2191 4220 Stndtrccht.
2268 4173 2376 4220 Aus

65 4235 600 4287 handschriftlicbem
642 4240 885 4290 Materia]
925 4241 1350 4304 hen-ansgegeben
1405 4257 1505 4290 von
1546 4243 1612 4296 N.
1653 4244 1715 4290 A.
1755 4241 2112 4305 Wcstphalen‚
2176 4243 2209 4296 2
2248 4241 2373 4296 Bde.

69 4305 271 4369 1838),
329 4308 384 4355 111
443 4311 774 4370 praefatione
833 4329 881 4376 p.
923 4312 990 4365 23
1029 4325 1140 4373 squ.
1196 4313 1417 4375 primum
1482 4313 1635 4376 plane
1696 4321 1747 4362 ct
1802 4313 1854 4360 in
1894 4314 2108 4378 singulis
2146 4317 2377 4378 partibus

60 4377 335 4441 probavit,
394 4388 664 4444 postquam
727 4390 850 4432 unte
901 4398 1015 4432 eum
1069 4383 1170 4446 jam
1209 4383 1529 4447 WVolpmanu
1590 4391 1639 4433 et
1678 4383 1952 4432 Anderson
2009 4387 2377 4436 nonnullorum

59 4451 308 4498 locorum
348 4450 484 4500 inter
523 4459 793 4517 utramque
843 4455 1216 4518 legislationem
1258 4471 1567 4504 consensum
1607 4456 2042 4518 significaverant.
