2950 4992
1043 450 1464 512 -37-

120 601 204 681 ς.
249 599 353 666 θ.
441 598 600 680 lje
657 596 1068 666 cambiis
1121 596 1386 667 mnu
1438 544 1758 668 textus
1805 601 2401 668 statutorum·

427 707 1340 795 flamm-rgentum
1384 707 1622 778 anni
1664 708 1978 778 uma.
2000 709 2085 795 ⁷⁸)

333 881 426 944 Ut
467 901 626 944 vero
686 880 976 942 lectores
1033 880 1223 963 hujus
1279 881 1529 962 primae
1584 881 1917 944 cambialis
1962 901 2084 962 per
2130 881 2393 944 Germa-

121 966 293 1028 niam
336 964 776 1048 legislationis
825 965 1110 1046 speciem
1159 970 1225 1029 et
1269 964 1542 1028 formam
1590 967 1861 1048 ejusque
1920 985 2061 1029 cum
2114 967 2391 1028 Antver-

119 1050 330 1131 piensi
387 1050 540 1132 jure
610 1050 1102 1130 congruentiam
1146 1049 1376 1112 melius
1419 1051 1810 1132 intelligant,
1880 1050 2006 1114 hoc
2063 1051 2215 1113 loco
2262 1050 2387 1112 sin-

120 1134 256 1215 guli
302 1135 411 1217 qui
457 1139 607 1197 sunt
651 1132 993 1196 duodecim
1039 1134 1296 1198 articuli
1341 1135 1861 1198 transscribendi
1921 1141 2087 1214 sunt,
2148 1133 2391 1197 additis

119 1219 620 1300 Antverpiensis
679 1218 1165 1281 constitutionis
1241 1219 1393 1281 anni
1441 1213 1563 1284 157
1570 1223 1606 1282 8
1651 1220 1968 1302 partibuS,
2034 1239 2197 1300 quae
2264 1217 2391 1280 huc

119 1304 449 1385 pertinere
494 1301 814 1366 videntur.

333 1387 613 1450 Textum
656 1405 815 1449 vero
863 1393 1253 1449 statutorum
1299 1406 1645 1468 sequemur
1702 1388 2103 1469 originalem,
2164 1385 2273 1467 qui
2323 1385 2391 1446 in

123 1472 410 1535 editione
454 1471 752 1554 principe
799 1476 1063 1534 senatus
1098 1471 1293 1552 jussu
1336 1491 1458 1553 per
1505 1472 1749 1553 Georg.
1780 1472 1943 1535 Lud.
1974 1470 2388 1549 Frobenium,

123 1557 568 1620 doctissimum
611 1555 1038 1637 bibliopolam
1067 1557 1240 1638 typis
1271 1556 1461 1618 Pauli
1501 1557 1737 1637 Langii
1766 1556 2166 1640 typographi
2196 1554 2392 1616 Ham-

1 1644 3 1649 ’
120 1641 468 1722 burgensis
533 1659 704 1703 anno
754 1641 934 1720 1605,
1009 1645 1076 1703 et
1139 1640 1206 1702 in
1253 1640 1542 1704 editione
1582 1641 1783 1704 tertia
1839 1646 2069 1704 senatu
2107 1659 2241 1701 non
2284 1639 2392 1701 ab·

119 1731 360 1788 nuente
421 1724 783 1806 sumptibus
835 1723 1111 1788 Hem-ici
1163 1724 1493 1788 Volckers
1550 1725 1769 1808 (quem
1821 1727 2021 1807 vulgo
2066 1723 2392 1787 Voelcke-

1 1860 3 1877 ς
117 1830 259 1871 rum
279 1808 577 1892 vocant),
625 1809 1028 1890 bibliopolae
1076 1809 1403 1891 quondam
1446 1810 1893 1874 honoratioris
1942 1815 2011 1872 et
2057 1808 2390 1872 centuriae

119 1895 366 1958 civicae
411 1894 754 1976 praefecti,
800 1895 973 1957 inter
1018 1913 1222 1957 annos
1275 1896 1629 1958 1681-83
1648 1892 1730 1977 ⁷⁹)
1776 1894 2076 1976 proditus
2110 1898 2230 1956 est.
2270 1890 2391 1954 Se-

122 1979 334 2042 cunda
380 1978 602 2058 editi0‚
653 1998 817 2059 quae
865 1979 1005 2041 sine
1053 1973 1468 2041 dubio‘anno
1520 1980 1684 2041 1663
1729 1979 2049 2062 apparuit,
2100 1977 2203 2040 cui
2231 1995 2389 2038 vero

117 2063 287 2126 falso
333 2082 538 2126 annus
569 2064 730 2126 1605
760 2062 1089 2144 praefixus
1137 2069 1256 2139 est,
1307 2084 1448 2126 cum
1496 2065 1720 2145 spuria
1764 2070 1831 2128 et
1874 2064 2189 2126 mendosa
2223 2079 2389 2124 com-

117 2148 412 2228 pluribus
456 2147 641 2226 lociS,
689 2148 910 2229 itaque
953 2149 1160 2228 ipsius
1187 2153 1451 2210 senatus
1479 2147 1999 2230 Hamburgensis
2024 2166 2146 2228 pcr
2170 2145 2393 2207 decre-

1 2234 3 2243 '
117 2239 252 2294 tum
297 2231 359 2293 d.
408 2233 508 2294 21.
555 2251 757 2294 mens.
788 2233 958 2313 Aug.
1006 2233 1157 2295 anni
1184 2232 1347 2294 1663
1381 2232 1685 2297 damnata
1730 2233 1833 2312 sit,
1873 2251 2097 2295 ansam
2128 2228 2388 2292 omnino

115 2316 440 2397 praebere
483 2334 617 2378 non
664 2316 908 2378 debuit.
1001 2317 1232 2396 Neque
1259 2323 1553 2396 quartam
1602 2317 1971 2396 editionem,
2021 2333 2187 2396 quae
2234 2333 2393 2376 sum·

117 2401 338 2482 ptibus
387 2399 456 2462 G.
503 2399 817 2481 Koenigii
857 2401 1168 2464 heredum
1213 2421 1383 2463 anno
1426 2395 1609 2466 1771.
1657 2401 1960 2484 apparuit
2001 2418 2212 2481 neque
2257 2403 2392 2459 tex-

116 2493 252 2548 tum
298 2485 682 2566 originalem
726 2490 795 2550 et
836 2506 1096 2567 merum,
1145 2486 1261 2548 sed
1307 2486 1638 2550 modernis
1695 2494 1762 2550 et
1834 2483 2217 2550 voluntariis
2290 2501 2394 2544 va-

115 2569 526 2648 riationibus,
597 2589 762 2650 quae
832 2570 1047 2650 quoad
1116 2570 1452 2634 scribendi
1521 2578 1589 2634 et
1642 2571 1954 2650 loquendi
1999 2588 2207 2652 genus
2254 2566 2395 2629 sine

279 2925 284 2932 .
332 2867 406 2940 ⁷⁸)
451 2871 827 2932 statutorum
871 2876 1011 2932 anni
1071 2880 1212 2932 1603
1268 2878 1339 2933 de
1395 2876 1640 2934 cambiis
1700 2876 1935 2934 articuli
1982 2881 2108 2951 jam
2148 2877 2208 2932 in
2253 2883 2398 2934 nota

118 2951 188 3002 ⁰⁴
231 2950 1483 3092 ⁹³⁸2z,²‘1'5.h⁸.⁰‘25}‡’1⁰'„2‘¹„2⁰ffi⁹‡·‘.‘¹¹1¹‘¹'¹.:¹¹
1528 2952 1822 3083 ''mii'ffl
1858 2962 2021 3083 3¹¹2?
2178 3043 2392 3082 ...m-1...

118 3097 382 3185 originis·
414 3098 538 3154 fert
577 3046 990 3189 inscripi'um.q
1035 3101 1196 3177 Ergo
1227 3048 1428 3178 1υὲςῖιο
1449 3048 1729 3161 ¹tiilluiiunt·
1749 3047 2231 3160 iiizmoingglretum
2274 3109 2392 3186 cst,

115 3193 236 3302 guo
287 3174 522 3261 quid-eni
567 3194 721 3232 anno
764 3197 852 3264 in.
894 3180 1085 3265 lucem
1127 3180 1402 3266 venei-it..
1464 3177 1587 3267 Sed
1631 3199 1760 3236 cum
1806 3200 1875 3236 en
1905 3188 2149 3265 praeter·
2195 3175 2395 3264 Caroli

149 3245 327 3322 lagu!
359 3260 536 3305 etlam
558 3250 853 3323 Leopoldi
889 3251 929 3308 Ι.
959 3263 1343 3326 imperatoris
1387 3274 1708 3328 imaginem
1737 3273 1931 3330 neque
1973 3273 2094 3312 non
2134 3269 2397 3324 insigma

3 3338 5 3387 g
117 3333 376 3396 quatuor
420 3327 761 3396 consulum,
805 3327 905 3401 qui
946 3328 1106 3383 intra
1149 3348 1338 3385 annos
1391 3333 1704 3386 1381-—83
1746 3331 2101 3403 regnabant,
2146 3323 2397 3398 adjectis

3 3420 5 3481 j
119 3417 303 3470 supra
342 3398 680 3473 insignibus
725 3402 888 3457 urbis
923 3400 1487 3478 Hamburgensibus
1532 3404 1753 3470 (tribus
1796 3404 2091 3469 turribus)
2136 3401 2394 3475 pruden-

3 3484 8 3546 ᾖ
117 3474 241 3530 tiae
286 3483 346 3530 et
389 3475 741 3533 concordiae
782 3477 992 3550 figuris
1034 3478 1288 3535 inclusis
1331 3489 1392 3535 et
1431 3480 1635 3534 infima
1676 3479 1737 3534 in
1781 3489 1951 3552 parte
1992 3478 2251 3550 imagine
2293 3492 2395 3530 ur-

115 3548 214 3604 bis
259 3548 434 3604 istius
478 3550 793 3621 religionis
838 3553 1189 3624 etjustitiae
1217 3554 1427 3628 figuris
1456 3553 1689 3610 inclusa
1710 3555 1769 3609 in
1794 3554 1955 3611 tituli
1986 3553 2203 3628 pagina
2223 3569 2397 3623 prae-

115 3626 292 3695 beat,
335 3623 467 3680 siue
509 3625 685 3682 dubio
726 3625 888 3683 intra
927 3647 1218 3684 annorum
1241 3647 1390 3702 quos
1413 3629 1673 3685 diximus
1702 3629 1957 3702 spatium
1980 3631 2157 3700 hujus
2181 3625 2397 3680 editio-

117 3699 216 3755 nis
247 3700 418 3772 origo
448 3701 718 3772 ponenda
759 3712 868 3757 est.
929 3700 1208 3759 Ceterum
1238 3723 1351 3776 ego
1393 3704 1525 3777 ipse
1554 3703 1790 3778 quidem
1818 3713 2183 3760 statutorum
2208 3697 2399 3758 Ham-

119 3774 510 3849 burgensium
539 3779 844 3849 exemplar
869 3777 1031 3834 inter
1057 3798 1222 3835 meos
1252 3778 1438 3836 libros
1465 3797 1733 3848 numero,
1776 3779 1930 3854 quod
1956 3777 2229 3837 omnibus
2260 3793 2398 3848 par-

118 3850 282 3905 tibus
327 3858 388 3905 et
409 3850 694 3920 numeris,
737 3852 1011 3909 omnibus
1034 3853 1257 3909 litteris
1281 3863 1460 3928 atque
1490 3853 1668 3910 etiam
1691 3854 1921 3910 mendis
1951 3874 2081 3911 cum
2114 3850 2398 3916 editione,

120 3944 296 4000 quum
347 3921 646 3982 Heni-icus
695 3924 980 3984 Volckers
1024 3929 1275 3997 curavit,
1313 3929 1643 3994 consentit,
1690 3938 1940 4002 excepto
1984 3932 2159 4003 plane
2200 3927 2400 3993 titulo,

119 3999 222 4074 qui
255 4009 351 4056 est
391 3998 576 4056 hicce.
661 4001 866 4076 Neque
908 4022 1098 4060 annus
1141 4023 1334 4080 neque
1358 4006 1525 4062 locus
1548 4004 1781 4078 positus
1824 4014 1936 4061 est.
2020 4004 2217 4062 Verba
2238 4001 2400 4056 tituli

119 4074 546 4132 circumcincta
603 4087 744 4132 sunt
796 4078 1008 4153 figuris
1061 4079 1365 4136 arabescis
1421 4089 1483 4136 et
1532 4079 1871 4138 florulentis
1925 4090 1987 4138 et
2024 4075 2397 4146 fructuferis,

117 4169 374 4224 quorum
425 4150 491 4207 in
545 4153 850 4210 cac-umine
904 4153 1202 4228 simplicia
1251 4155 1416 4212 urbis
1457 4155 1723 4230 insignia
1764 4153 1919 4225 (tres
1960 4165 2160 4212 turres
2206 4173 2253 4209 ε.
2297 4171 2397 4207 ca·-

8 4255 10 4312 g
119 4235 398 4302 stellum)
443 4235 858 4309 inspiciuntur.
914 4237 1111 4294 Verba
1137 4257 1282 4296 vero
1325 4238 1487 4294 tituli
1526 4249 1667 4295 sunt
1694 4238 1943 4295 haecce:
1990 4229 2169 4309 „Det
2212 4225 2398 4290 Stant

8 4317 11 4344 ¹
113 4307 412 4386 &cml-uta
460 4312 994 4387 &timnatham
1039 4319 1151 4374 unt
1197 4312 1565 4384 Statutaen‘¹‚
1625 4343 1757 4380 cum
1810 4323 1870 4380 in
1914 4325 2177 4382 editione
2222 4339 2421 4399 quam.

121 4392 386 4452 volkerus
429 4395 662 4452 curavit
699 4395 820 4453 ista
859 4398 1044 4454 verba
1085 4399 1204 4456 alio
1246 4417 1495 4467 prorsus
1538 4399 1747 4455 ordine
1789 4399 1986 4472 posita
2042 4409 2208 4456 sunt:
2277 4395 2401 4451 ner

10 4497 12 4504 ·
121 4469 307 4526 stadt
349 4467 663 4546 Hamburg
705 4469 948 4528 statuta
993 4473 1106 4530 und
1153 4473 1731 4550 Gerichtsordnung.
