2950 4992
1015 469 1396 534 *3-

63 626 348 704 argento
399 642 480 686 ex
522 641 772 706 papyro
805 624 1048 686 nostris
1077 625 1483 706 temporibus
1514 624 1780 707 publica
1808 620 2168 688 autoritate
2198 641 2343 686 con—

67 707 390 771 ficiuntur.
481 705 698 783 Quare
743 707 991 772 formae
1052 715 1119 771 et
1162 708 1479 772 formulae
1540 709 1908 788 cambialeS,
1970 727 2135 790 quae
2174 709 2347 789 prio-

68 793 252 854 ribus
296 792 625 856 aetatibus
670 793 780 854 vix
823 797 936 856 aut
977 813 1320 875 numquam
1347 793 1690 876 regulares
1736 794 1937 872 fuere,
1974 793 2343 856 accuratius

69 877 437 957 dispositae
481 882 551 940 et
579 877 852 959 jamjam
897 876 1326 941 strictissimis
1382 877 1618 942 finibus
1663 877 1955 942 inclusae
1988 882 2156 940 sunt.
2212 875 2344 938 Lit-

70 967 258 1024 terae
303 966 500 1042 atque
548 962 913 1043 scripturae
956 963 1375 1026 necessariae
1423 969 1493 1026 et
1539 962 1929 1026 essentiales
1975 960 2138 1024 fiunt
2182 980 2346 1024 cam-

72 1046 328 1108 biorum
373 1051 618 1127 parte8‚
669 1051 737 1109 et
779 1046 1011 1128 regula
1054 1048 1292 1110 oritur:
1339 1047 1655 1146 quidquid
1707 1047 1776 1108 in
1842 1046 2076 1110 cambii
2140 1045 2346 1127 ipsius

73 1130 302 1194 tabula
343 1130 584 1194 litteris
629 1131 1000 1194 mandatum
1029 1129 1162 1193 non
1193 1137 1313 1210 est,
1348 1131 1728 1195 camb1alem
1760 1129 2049 1213 speciem
2090 1130 2349 1193 omnino

69 1233 208 1277 non
249 1214 514 1279 habere.
605 1213 935 1296 Simulque
978 1216 1451 1279 indossamenti
1492 1216 1795 1279 vehicula
1845 1215 1931 1278 ad
1974 1214 2343 1278 acceleran-

71 1300 227 1360 dum
271 1299 604 1364 cambialis
650 1299 1020 1362 commercii
1066 1319 1322 1364 cursum
1362 1298 1793 1380 inveniuntur,
1840 1318 2055 1381 neque
2103 1297 2345 1362 cessio-

69 1385 177 1446 nis
229 1383 477 1448 formae
523 1390 592 1446 et
634 1403 936 1448 carceres
981 1385 1063 1447 ab
1109 1385 1319 1448 altero
1366 1386 1451 1448 ad
1496 1381 1771 1448 alterum
1818 1383 2151 1448 cambialis
2170 1383 2343 1464 juris

71 1468 572 1532 translationem
614 1469 1040 1551 restringunt,
1088 1489 1300 1550 neque
1372 1470 1442 1532 in
1494 1489 1632 1533 rem
1690 1469 1967 1533 alienam
2018 1467 2126 1531 vel
2170 1487 2350 1530 suam

71 1559 572 1634 procuratorum
635 1554 875 1618 auxilio
947 1573 1110 1635 opus
1181 1559 1308 1634 est,
1379 1555 1500 1617 sed
1563 1573 1686 1637 per
1753 1553 1959 1617 solam
2020 1553 2230 1634 ipsam
2280 1552 2349 1613 in

77 1637 415 1700 cambialis
481 1637 745 1701 tabulae
813 1639 1012 1701 dorso
1081 1639 1490 1721 scripturam,
1548 1657 1709 1720 ergo
1764 1636 2241 1720 simplicissima
2287 1641 2357 1698 et

75 1741 257 1784 mere
301 1721 603 1786 cambiali
646 1721 858 1786 forma
903 1743 1090 1787 omne
1120 1723 1235 1804 jus
1269 1723 1617 1786 creditoris
1650 1722 1986 1806 originarii
2019 1720 2354 1785 cambialis

73 1807 168 1869 ad
220 1806 497 1870 alterum
555 1808 665 1888 qui
721 1808 1028 1870 scribitur
1081 1808 1561 1870 transmittitur.
1650 1809 1852 1871 Immo
1904 1826 2141 1870 novum
2195 1823 2358 1868 cam·

77 1889 254 1954 biale
322 1892 438 1973 jus
550 1891 787 1955 fortius
887 1897 956 1955 et
1049 1893 1526 1972 quodammodo
1600 1891 1970 1956 absolutum
2060 1891 2354 1954 indossa-

75 1975 252 2038 tario
310 1982 751 2058 comparatur,
811 1977 1111 2057 quoniam
1169 1978 1363 2040 etiam
1415 1977 1765 2040 indossans
1822 1977 2004 2058 prior
2061 1974 2353 2038 creditor

59 2059 210 2141 juri
255 2059 554 2123 cambiali
595 2062 664 2124 in
705 2067 913 2123 totum
959 2061 1301 2142 subjicitur
1343 2081 1627 2143 reusque
1692 2062 1785 2141 fit,
1846 2066 1913 2124 et
1965 2079 2171 2123 novus
2219 2059 2367 2122 cre?

77 2144 259 2206 ditor
297 2163 431 2207 non
477 2151 796 2225 quatenus
841 2165 882 2208 a
923 2145 1144 2228 priore
1194 2146 1310 2227 jus
1359 2165 1542 2208 suum
1601 2146 1888 2224 deduxit,
1958 2144 2354 2207 cambiorum

58 2229 228 2308 jura
267 2229 523 2310 recipit,
584 2230 703 2292 sed
764 2230 914 2310 quia
956 2249 1194 2293 nomen
1246 2250 1371 2313 per
1421 2231 1979 2295 indossamentum
2033 2228 2100 2291 in
2156 2228 2357 2291 dorso

77 2312 315 2374 cambii
369 2314 682 2396 scriptum
735 2319 856 2394 est,
917 2315 1046 2377 ista
1087 2316 1235 2396 ipsa
1280 2314 1423 2378 sola
1475 2315 1689 2378 forma
1729 2334 1851 2397 per
1896 2317 2103 2376 semet
2145 2311 2358 2394 ipsum

74 2396 278 2479 pleno
333 2403 401 2460 et
457 2399 704 2480 optimo
745 2399 902 2480 jure
961 2399 1260 2462 cambiali
1314 2399 1653 2481 praeditus
1715 2406 1835 2463 est.
1925 2396 2224 2478 Denique
2268 2397 2359 2458 in-

77 2482 642 2545 dossamentorum
699 2503 864 2564 quae
915 2485 1229 2546 moderno
1285 2485 1544 2549 nomine
1609 2485 1676 2547 in
1735 2485 2025 2548 blanco
2080 2482 2122 2544 i.
2171 2501 2226 2544 e.
2294 2481 2361 2562 in

72 2565 235 2629 albo
279 2567 581 2629 dicuntur
625 2586 752 2649 ope
799 2568 1049 2631 cambia
1091 2589 1326 2632 novam
1367 2569 1674 2633 virtutem
1719 2569 1845 2633 sibi
1886 2572 2220 2650 pararunt.

295 2649 499 2725 Quam
541 2657 818 2734 propter
850 2653 1148 2716 eximiam
1181 2654 1624 2716 recentiorum
1654 2653 2048 2716 cambiorum
2080 2652 2163 2713 ad
2196 2666 2363 2713 com-

75 2735 328 2798 mercia
370 2735 846 2800 flexibilitatem
893 2743 961 2800 et
1004 2736 1520 2800 versabilitatem
1566 2737 1809 2800 factum
1855 2740 1977 2814 est,
2032 2739 2105 2796 ut
2148 2735 2361 2816 singu-

75 2819 289 2882 larem
334 2821 668 2884 cambialis
701 2821 877 2902 juris
935 2827 1231 2885 naturam
1293 2821 1611 2903 singulari
1665 2822 1860 2885 modo
1915 2817 2186 2882 definire
2232 2823 2360 2882 stu·

80 2904 340 2966 derent.
496 2905 584 2968 Et
663 2906 823 2968 licet
891 2905 1242 2969 Italorum·
1289 2905 1371 2969 de
1469 2907 1750 2969 emtione
1835 2910 1906 2967 et
1984 2903 2363 2966 venditione

80 2987 438 3052 cambiales
531 2990 868 3052 doctrinae
939 3011 1146 3072 usque
1203 2991 1288 3054 ad
1340 2996 1635 3054 nostram
1691 2995 1977 3054 aetatem
2028 2987 2360 3066 florerent,

78 3072 507 3154 Francogalli
569 3079 636 3138 et
699 3075 973 3138 maxime
1039 3075 1330 3154 Pothier,
1401 3074 1650 3158 Savary
1716 3081 1783 3138 et
1824 3072 2076 3155 Dupuis
2145 3071 2227 3136 de
2292 3071 2359 3134 la

81 3153 357 3240 Serra&
426 3159 659 3222 cambii
715 3161 1052 3240 negotium
1105 3179 1253 3224 esse
1308 3161 1625 3240 „cession
1684 3179 1767 3223 ou
1810 3162 2152 3239 transport
2198 3155 2360 3219 d'ar·

80 3246 248 3323 gent
301 3259 419 3305 seu
471 3244 734 3306 cession
791 3245 871 3307 de
927 3243 993 3307 la
1048 3245 1379 3308 creance“
1436 3245 1756 3325 dixerunt,
1816 3243 2045 3325 quibus
2106 3241 2365 3324 quidem

81 3326 308 3388 verbis
353 3327 513 3391 nihil
557 3328 816 3390 omnino
864 3328 1077 3392 stricti
1107 3329 1192 3392 ad
1219 3348 1442 3391 veram
1457 3329 1633 3410 juris
1668 3327 2001 3396 cambialis
2030 3325 2364 3389 notionem

81 3411 611 3476 constituendam
663 3411 988 3494 prolatum
1045 3431 1192 3476 esse
1237 3412 1515 3476 videtur.
1602 3413 1735 3477 Alii
1781 3417 1849 3477 et
1892 3411 2153 3492 quidem
2198 3407 2357 3473 Ger-

81 3496 262 3558 mani
309 3495 624 3559 Italorum
665 3496 952 3579 vestigia
1004 3497 1214 3560 libera
1269 3497 1548 3579 quadam
1600 3504 1744 3562 arte
1798 3501 2150 3578 sequentes
2208 3513 2363 3558 oon-

81 3583 372 3642 tractum
434 3581 898 3645 innominatum
957 3582 1025 3644 in
1080 3582 1290 3646 forma
1334 3580 1419 3645 do
1489 3588 1561 3646 ut
1602 3579 1809 3646 facias
1849 3579 2165 3644 cambium
2217 3597 2365 3642 esse

79 3663 510 3746 affirmarunt,
559 3665 652 3729 uti
675 3665 952 3747 Franck,
999 3665 1370 3745 Puttmann‚
1417 3667 1501 3732 de
1524 3665 1974 3745 Weisseneck,
2022 3665 2104 3726 de
2136 3663 2363 3744 Boset,

306 3964 350 4034 ³)
421 3970 647 4034 «hequen
694 3969 922 4038 Sami-y,
981 3971 1034 4022 le
1077 3969 1272 4036 psi-salt
1318 3967 1611 4036 negociant.
1662 3969 1783 4022 edit.
1834 3970 1879 4026 1.
1928 3967 2139 4022 Genbve
2202 3971 2367 4031 16723

83 4039 466 4108 recentissima·
502 4043 662 4092 editio
694 4043 844 4094 Parin
883 4043 1042 4099 1800.
1081 4069 1149 4080 -
1189 4043 1388 4106 Dupuis
1426 4041 1492 4091 de
1528 4043 1582 4092 la
1611 4041 1787 4105 Serra,
1824 4042 1938 4092 l'art
1976 4042 2069 4092 des
2105 4043 2285 4092 lettre·
2303 4041 2371 4092 de

83 4109 312 4173 change.
395 4111 548 4162 Paris
607 4116 760 4170 1693.
817 4129 985 4165 novae
1022 4114 1146 4166 edit.
1192 4115 1346 4175 1707,
1388 4111 1551 4174 1789·,·
1607 4115 1758 4179 Lyon
1805 4113 1967 4178 17623
2031 4110 2153 4166 Bu.
2207 4110 2370 4174 17823

85 4180 260 4229 latina
312 4183 550 4234 trannin,
591 4185 776 4238 Colon.
832 4185 988 4239 1712.
1062 4183 1265 4248 Savary
1303 4191 1355 4233 et
1390 4183 1591 4248 Dupuis
1644 4199 1866 4250 magnae
1911 4183 2205 4234 autoritatis
2258 4197 2369 4233 non

85 4251 262 4302 solum
298 4267 395 4317 per
435 4252 679 4318 Galliam,
717 4256 809 4306 sed
851 4258 1008 4308 etiam
1048 4271 1140 4320 per
1159 4255 1496 4304 Hollandiam
1534 4257 1759 4306 fuerunt.
1798 4281 1870 4292 —-
1942 4253 2006 4308 R.
2044 4251 2097 4308 J.
2136 4252 2371 4316 Pomm,

85 4318 250 4372 truite
305 4323 376 4372 du
413 4331 620 4377 contrat
669 4328 734 4377 dc
771 4327 988 4390 change.
1061 4325 1227 4376 Paris.
1273 4327 1437 4386 17633
1484 4327 1725 4378 nouvelle
1764 4323 1959 4376 edition
1994 4339 2090 4388 par
2125 4325 2370 4380 Hutteau.

73 4393 246 4446 Parit
295 4395 451 4451 1809.
522 4398 652 4448 Post
689 4397 890 4462 Savary
945 4403 997 4448 et
1031 4397 1234 4461 Dupuis
1270 4396 1453 4460 inclyti
1488 4397 1724 4449 Pothierl
1779 4398 1845 4448 de
1900 4395 2113 4446 cambiis
2168 4395 2371 4460 Judicia

85 4483 213 4516 cum
253 4466 308 4516 in
347 4467 540 4532 Gallis,
575 4475 685 4518 tum
721 4470 776 4519 in
814 4469 1097 4518 Bollandia
1134 4475 1186 4517 et
1222 4468 1416 4531 Anglia
1449 4471 1504 4518 in
1547 4469 1723 4533 vigore
1761 4468 1923 4518 fuere.

1828 4578 1920 4641 1⁴8·
