2950 4992
2868 0 2871 1 ⁷
2906 0 2910 24 1

779 579 860 644 Id
903 579 1082 664 quod
1123 582 1345 644 mirari
1400 580 1579 644 licet.
1669 581 1887 644 Saecli
1956 579 2121 668 enim
2166 577 2383 644 XVII.
2430 576 2649 659 initio,
2732 594 2914 664 quo}

579 666 909 730 recentior
950 665 1082 729 ista
1121 665 1406 730 instituti
1449 665 1784 730 cambialis
1832 667 1913 730 de
1960 685 2087 748 qua
2131 664 2405 728 diximus
2436 669 2621 728 aetas
2651 670 2879 744 atque

578 750 832 832 epocha
887 749 1308 815 efflorescere
1363 751 1630 832 incepit,
1677 752 1937 813 omnino
1980 752 2045 814 in
2079 750 2428 816 Germania
2456 749 2879 812 cambiorum

575 854 732 899 usus
777 835 900 900 fuit
944 841 1011 898 et
1075 834 1214 898 fere
1281 836 1613 898 recentior
1675 854 1798 898 nec
1862 835 2128 900 multum
2194 833 2583 916 divulgatus,
2638 816 2916 913 neque}

575 920 830 983 exstitit
875 919 1213 984 doctrinae
1260 920 1597 982 cambialis
1642 919 1971 1001 singulare
2028 920 2331 983 studium.
2414 918 2473 980 E
2517 917 2879 980 contrario
2914 933 2916 938 ·

575 1003 882 1068 Germani
926 1004 1144 1083 quoad
1188 1003 1583 1066 cambiorum
1626 1005 1858 1086 praxin
1902 1005 2109 1086 magis
2146 1024 2217 1067 se
2248 1004 2555 1087 passivos
2588 1008 2658 1066 et
2688 1002 2879 1065 acci-

571 1089 830 1172 pientes
875 1089 1197 1169 gerebant
1237 1087 1448 1169 iisque
1496 1088 1798 1152 sufficere
1842 1089 2205 1169 videbatur,
2250 1094 2324 1152 ut
2366 1107 2531 1169 quae
2577 1107 2617 1150 a
2668 1106 2881 1169 pere·
2916 1152 2918 1172 Ι

575 1171 780 1256 grinis
823 1173 1090 1236 inventa
1133 1178 1329 1253 atque
1377 1171 1639 1237 exculta
1685 1180 1927 1254 essent,
1972 1175 2366 1256 reciperent.
2450 1171 2685 1253 Neque
2736 1171 2881 1234 sin·
2916 1181 2918 1256 j

575 1256 839 1340 gulares
886 1256 968 1320 de
1014 1255 1283 1320 cambiis
1327 1257 1687 1338 scriptores
1740 1278 1861 1340 per
1906 1257 2317 1322 Germaniam
2371 1258 2499 1319 isto
2558 1263 2881 1337 tempore
2916 1259 2918 1276 ²

577 1341 950 1420 obveniunt,
1009 1341 1129 1404 sed
1174 1360 1338 1421 quae
1390 1342 1474 1404 ab
1528 1341 1716 1406 Italis
1771 1343 2109 1407 doctrinae
2152 1342 2605 1425 promulgatae
2650 1347 2881 1418 erant,

580 1425 996 1507 adoptantur.
1083 1423 1312 1506 Neque
1356 1426 1734 1507 respublica
1790 1427 2177 1492 Germanica
2220 1433 2373 1490 tunc
2418 1425 2741 1508 temporis
2774 1426 2883 1487 ita

580 1509 840 1573 exculta
882 1508 1021 1588 fuit,
1069 1514 1143 1571 ut
1174 1509 1437 1590 legibus
1484 1509 1775 1576 ferendis
1831 1532 2049 1576 curam
2103 1512 2519 1594 praecipuam
2578 1515 2648 1573 et
2688 1509 2881 1590 prin-

581 1593 856 1676 cipalem
897 1593 1323 1676 impenderet.
1408 1593 1774 1676 Legislatio
1840 1598 2031 1661 istius
2094 1597 2431 1677 temporiS,
2502 1595 2559 1658 si
2610 1594 2698 1657 ad
2749 1595 2883 1676 jus

577 1678 902 1762 privatum
945 1677 1203 1740 omnino
1247 1680 1640 1760 pertinebat,
1710 1686 1853 1745 tota
1895 1682 2102 1764 magis
2174 1682 2242 1743 in
2298 1679 2743 1744 describendo
2808 1691 2920 1741 et

582 1761 986 1826 emendando
1021 1761 1176 1842 jure
1223 1764 1798 1840 consuetudinario
1857 1772 1926 1830 et
1968 1765 2315 1832 statutario
2364 1765 2717 1827 constabat
2762 1783 2883 1825 ne-

585 1867 710 1928 que
757 1867 839 1909 ex
879 1846 1222 1928 principiis
1277 1849 1476 1912 certis
1535 1849 1865 1914 derivatas
1924 1857 1991 1918 et
2044 1850 2129 1914 ad
2174 1849 2451 1912 salutem
2494 1848 2737 1912 civium
2786 1848 2886 1909 di-

582 1936 802 1995 rectas
850 1930 1230 1994 sanctiones
1293 1950 1500 1995 novas
1545 1935 2005 2017 constituebat,
2081 1934 2291 2015 magis
2340 1932 2752 2014 receptivam
2812 1939 2922 2006 et!

585 2016 936 2099 passivam,
980 2035 1113 2077 non
1159 2017 1547 2079 creatricem
1592 2036 1663 2080 se
1710 2039 1968 2100 gerens.
2054 2020 2286 2100 Itaque
2330 2038 2461 2081 non
2506 2039 2545 2080 a
2577 2016 2885 2080 Caesare

587 2105 782 2184 atque
827 2099 1123 2185 imperiO,
1167 2118 1300 2162 non
1343 2121 1382 2162 a
1426 2101 1706 2166 statibus
1754 2109 1969 2168 terrae
2016 2103 2377 2184 majoribus
2431 2107 2499 2164 et
2540 2102 2888 2184 potentio-

587 2185 768 2247 ribus
799 2184 894 2246 uti
927 2183 1342 2265 electoribuS,
1391 2185 1685 2265 ducibuS,
1730 2189 2154 2272 principibuS,
2204 2187 2325 2250 sed
2366 2207 2407 2249 a
2434 2184 2577 2249 sola
2606 2185 2887 2266 quidem
2922 2152 2924 2214 ¹

588 2270 750 2332 urbe
794 2269 1071 2350 primum
1115 2269 1198 2332 de
1241 2269 1503 2350 legibus
1548 2272 1969 2338 cambialibus
2015 2272 2377 2336 condendis
2420 2270 2486 2332 in
2519 2269 2889 2333 Germania

587 2353 1030 2436 periclitatum
1075 2360 1196 2416 est.
1289 2351 1657 2432 Quaeritur,
1707 2358 2031 2436 quomodo
2078 2357 2221 2418 fieri
2265 2355 2573 2438 potuerit,
2623 2359 2697 2415 ut
2730 2355 2888 2435 ipsa

587 2439 718 2501 ista
778 2437 1372 2518 Hamburgensium
1447 2439 1681 2504 civitas
1756 2442 1964 2521 prima
2030 2441 2367 2504 cambialis
2430 2437 2926 2526 legislationis3

593 2523 763 2585 viam
804 2523 1110 2603 ingressa
1153 2522 1257 2585 sit.
2925 2539 2926 2544 ’

1520 428 1899 490 ...g-

599 2705 684 2785 ς.
729 2705 819 2770 72.
909 2702 1109 2773 cm·
1151 2705 1963 2792 numburgens&
2008 2704 2381 2792 primas
2437 2705 2565 2773 (lc
2606 2721 2891 2774 cam-

767 2813 960 2884 bns
1003 2815 1276 2898 leges
1313 2834 1503 2918 ⁸pcn-
1547 2815 2185 2886 Germaniam
2227 2813 2635 2883 tulerint
2656 2812 2707 2882 ἲ

809 2957 1030 3022 Media
1075 2959 1215 3040 jam
1268 2963 1485 3021 aetate
1531 2958 1896 3038 Hamburgi
1940 2957 2392 3020 commercium
2444 2956 2725 3019 maxime
2778 2958 2894 3018 110·

597 3042 808 3106 ruisse
853 3047 1130 3105 constat.
1148 3041 1200 3123 ⁷)
1287 3042 1436 3104 Jam
1492 3042 1677 3104 locus
1733 3041 1877 3122 ipse
1935 3041 2321 3104 commercio
2369 3040 2893 3123 oportunissime

589 3133 706 3208 ,est
747 3126 930 3189 situs.
1021 3125 1156 3190 Sed
1199 3125 1366 3189 aliae
1417 3133 1486 3187 et
1528 3124 1765 3190 multae
1825 3145 2097 3190 caussae
2152 3132 2593 3203 accesserunt,
2642 3125 2895 3205 quibus

589 3209 1124 3290 'Hamburgensia
1169 3210 1558 3273 commercia
1599 3216 2161 3290 promoverentur.
2250 3208 2420 3273 Sane
2468 3209 2736 3291 quidem
2780 3229 2897 3291 per

599 3293 1010 3374 regrinorum
1054 3300 1489 3357 mercatorum
1554 3295 1639 3356 ad
1694 3293 2140 3375 Hamburgum
2201 3294 2645 3374 migrationeS,
2715 3314 2897 3375 quae

601 3376 899 3459 pluribus
970 3379 1372 3461 temporibus
1447 3383 1642 3458 atque
1711 3379 1853 3459 ,iam
1924 3378 2390 3442 vetustioribus
2464 3378 2896 3456 eveniebant,

601 3461 867 3524 multum
911 3460 1150 3544 fecere,
1198 3469 1269 3526 ut
1307 3461 1673 3542 Hamburgi
1717 3462 2103 3525 commercia
2158 3462 2437 3525 celerius
2480 3471 2900 3540 crescerent,

815 3699 856 3767 ⁷)
928 3704 1072 3752 Inter
1120 3703 1281 3751 libros
1322 3703 1408 3765 qui
1447 3702 1513 3750 de
1552 3701 2382 3764 Hambnrgensium.commerciis
2418 3701 2593 3763 scripti
2614 3707 2768 3762 eunt,
2812 3718 2903 3750 no-

603 3775 805 3824 minare
859 3775 1083 3824 sufficiat
1131 3769 1314 3822 hosce:
1389 3770 1762 3834 Sertorius,
1814 3771 2121 3820 Geschichte
2169 3772 2258 3820 des
2294 3769 2713 3820 Hanseatischen
2756 3771 2903 3821 Bun-

609 3848 717 3895 des.
755 3871 826 3881 -—
863 3847 912 3895 J.
951 3845 1012 3899 P.
1050 3844 1505 3903 wilichi-and,
1554 3842 1933 3891 Hanseatische
1981 3840 2213 3890 chronik
2272 3867 2342 3876 —
2381 3839 2701 3902 Schmidt,
2754 3843 2905 3892 Han·

603 3916 882 3966 sentisches
897 3916 1156 3978 Magazin.
1197 3941 1264 3950 -
1303 3914 1355 3964 J.
1393 3915 1444 3963 J.
1477 3914 1721 3974 Moser,
1760 3908 2237 3962 reiehsstfidtisohes
2273 3912 2585 3960 Handbuch.
2628 3939 2703 3948 —
2744 3915 2905 3978 Ejus-

609 3990 726 4036 dem
765 3985 1242 4037 reichsstidtisches
1279 3985 1537 4046 Magazin.
1602 4010 1667 4020 —
1744 3985 1779 4033 J
1790 3981 1972 4047 ager,
2036 3981 2277 4046 Magazin
2331 3980 2417 4030 ssu·
2473 3983 2559 4032 dic
2596 3983 2905 4034 deutschen

605 4057 985 4112 Reichsstadte.
1025 4084 1096 4094 —
1133 4057 1281 4106 Neue
1319 4053 1553 4105 Chronik
1591 4055 1984 4116 vonHamburg
2020 4051 2203 4115 (usque
2240 4052 2308 4101 ad
2347 4067 2539 4100 8111111111
2586 4053 2779 4118 1819),
2822 4057 2906 4106 ed.

605 4131 665 4180 F.
707 4129 768 4179 G.
807 4129 1193 4178 Zimmcrmann
1233 4125 1435 4191 (1820).
1475 4123 1543 4160 -’-’·
1582 4123 1892 4185 Barman,
1930 4123 2162 4173 Chronik
2201 4138 2301 4171 von
2339 4123 2609 4186 Hamburg
2648 4123 2796 4186 (edit
2837 4127 2906 4176 11.

608 4200 796 4252 Hamb,
843 4200 1015 4262 1827),
1053 4225 1126 4237 --
1177 4215 1220 4247 v.
1260 4198 1448 4256 Hess,
1504 4195 1890 4258 Besehreibung
1927 4208 2026 4242 von
2062 4193 2347 4256 Hamhurg.
2381 4219 2451 4228 —
2489 4191 2729 4256 Enoch,
2775 4199 2911 4247 Ver-

608 4270 734 4319 such
771 4271 915 4320 einer
951 4269 1262 4320 Geschichte
1299 4268 1392 4317 der
1426 4267 1714 4331 Hamburg.
1752 4265 2054 4326 Handlung,
2093 4265 2179 4326 qui
2217 4263 2417 4314 libellas
2455 4264 2617 4312 ctiam
2667 4266 2728 4314 in
2774 4271 2911 4332 ejus-

608 4343 728 4390 dem
766 4342 961 4389 autoris
987 4341 1268 4404 majoribus
1288 4338 1434 4386 libris
1461 4337 1527 4384 de
1551 4338 1875 4388 commerciis
1900 4335 2177 4389 invenitur.
2204 4360 2265 4370 -
2306 4333 2625 4383 conferatur
2650 4335 2752 4385 1²5
2768 4338 2807 4386 h
2828 4340 2913 4398 18,

607 4410 986 4461 Handelsrecht
1021 4418 1147 4462 tom.
1187 4409 1229 4459 1.
1268 4425 1319 4474 p.
1359 4409 1427 4460 28
1465 4407 1623 4456 Nota.
