2950 4992
1043 453 1424 522 „7-

95 634 240 676 cum
286 611 548 694 quidem
591 611 1090 694 peregrinorum
1132 613 1412 695 pecunia
1455 633 1589 676 non
1632 613 1839 676 minus
1896 634 2086 696 quam
2130 615 2379 679 artibus

97 704 302 778 atque
369 695 720 760 virtutibus
783 696 978 759 valde
1042 697 1324 760 adaucta
1387 703 1634 765 essent.
1722 695 1914 772 Quod
1957 699 2098 781 jam
2142 699 2383 764 factum

96 789 203 844 est
245 787 542 862 tempore
587 801 716 861 quo
761 779 1054 844 Usedom
1087 787 1155 844 et
1181 780 1444 862 Wollin,
1490 780 1743 846 insulae
1790 783 2194 847 commerciis
2226 784 2380 847 olim

94 865 707 944 excellentissimae,
756 871 952 946 atque
992 867 1275 946 Arcena,
1319 865 1673 948 Rugiensis
1717 867 1970 930 insulae
2011 885 2145 930 non
2171 869 2379 931 minus

93 950 534 1014 commerciali
576 949 770 1012 laude
815 950 1092 1032 insignis
1139 951 1389 1030 civitaS,
1439 956 1509 1014 et
1534 951 1985 1032 Bardevicum,
2031 953 2189 1015 urbs
2235 953 2382 1034 pari

91 1035 289 1098 modo
331 1039 702 1098 mercatura
740 1034 1000 1116 inclyta,
1047 1037 1285 1118 partim
1342 1036 1652 1100 detrusae
1725 1037 1961 1118 partim
2028 1037 2384 1119 depressae

99 1123 345 1183 essent.
435 1119 712 1200 Ingente
769 1139 926 1182 vero
979 1120 1176 1183 modo
1220 1121 1588 1202 Hamburgi
1634 1121 2021 1185 commercia
2061 1142 2183 1204 per
2226 1122 2385 1203 liga·

95 1205 288 1284 mina,
361 1223 528 1284 quae
589 1204 783 1266 istam
855 1205 1083 1268 urbem
1147 1225 1290 1268 cum
1353 1205 1846 1269 Lubecensibus
1914 1211 1981 1270 et
2068 1207 2382 1288 deinceps

95 1309 243 1352 cum
287 1294 430 1351 toto
477 1287 748 1352 foedere
813 1289 1230 1370 HanseaticO,
1292 1291 1475 1372 cujus
1543 1290 1843 1372 capitalis
1902 1297 2097 1372 atque
2140 1310 2381 1374 regens

94 1374 255 1436 urbs
313 1372 717 1436 Lubecensis
775 1373 925 1454 fuit,
989 1374 1496 1456 conjungebant,
1555 1379 1924 1438 sustentata
1977 1380 2174 1456 atque
2235 1395 2384 1457 pro-

94 1464 278 1520 mota
323 1463 490 1520 sunt.
577 1457 858 1520 Praeter
913 1458 1263 1522 multifaria
1314 1478 1480 1541 quae
1537 1460 2022 1540 Hamburgensi
2074 1464 2385 1524 mercatu·

94 1563 214 1606 rae
286 1542 434 1622 ipso
519 1561 602 1604 ex
674 1543 944 1606 foedere
1015 1543 1421 1608 Hanseatico
1498 1544 1839 1608 commoda
1884 1545 2379 1624 conveniebant,

97 1647 340 1708 magna
381 1625 974 1707 Haniburgensium
1019 1629 1408 1692 commercio
1457 1629 1893 1692 emolumenta
1950 1649 2071 1710 per
2126 1648 2386 1711 separa-

97 1719 209 1775 tos
255 1715 576 1774 tractatus
623 1711 1090 1792 confluxerunt,
1138 1733 1302 1794 quos
1350 1714 1645 1776 omnibus
1704 1715 2105 1795 temporibus
2150 1733 2387 1794 magna

14 1857 17 1866 2
101 1803 253 1860 arte
303 1802 372 1858 et
415 1797 598 1858 cei-to
627 1796 901 1859 consilio
945 1797 1368 1879 magistratus
1398 1798 1933 1879 Hamburgenses
1977 1804 2093 1861 aut
2132 1797 2387 1880 singuli,

98 1886 223 1944 aut
268 1899 414 1943 cum
458 1879 950 1945 Lubecensibus
998 1887 1111 1944 aut
1153 1883 1341 1945 simul
1387 1903 1529 1946 cum
1574 1882 1756 1946 hisce
1814 1887 1883 1945 et
1920 1882 2386 1947 Bremensibus

99 1971 220 2028 aut
265 1985 408 2027 cum
438 1963 714 2028 Slavicis
761 1966 1135 2030 civitatibus
1169 1967 1735 2031 confoederationi
1763 1967 2207 2030 Hanseaticae
2240 1986 2387 2030 con·

85 2050 346 2132 junctis
369 2049 711 2128 foederati,
739 2051 1108 2132 peregrinis
1135 2071 1278 2114 cum
1303 2052 1673 2115 civitatibus
1692 2057 1759 2114 et
1769 2052 2059 2134 imperiis
2084 2053 2384 2115 inierant.

312 2133 542 2214 Neque
588 2134 791 2197 minus
837 2135 1329 2219 privilegiorum
1375 2136 1569 2218 copia
1624 2137 1831 2198 omnis
1888 2137 2151 2217 generis
2193 2135 2386 2200 Ham·
2452 2137 2459 2144 '

101 2218 295 2298 burgi
356 2219 809 2282 commercium
871 2221 1278 2284 sublevatum
1324 2227 1444 2284 est.
1534 2220 1683 2284 Jam
1724 2220 2101 2283 Fridericus
2144 2221 2387 2284 Barba-

98 2320 313 2381 rossa,
365 2302 752 2366 Germaniae
798 2305 1074 2386 insignis
1119 2306 1494 2387 imperator,
1552 2306 1778 2368 urbem
1834 2304 2084 2367 eximiis
2129 2304 2388 2387 privile-

97 2387 231 2466 giis
279 2387 535 2449 ornavit
578 2393 773 2468 atque
807 2390 1343 2471 Hamburgenses
1393 2409 1743 2471 eorumque
1788 2409 1989 2452 naves
2027 2395 2095 2452 et
2134 2409 2385 2452 merces

99 2471 400 2534 omnibus
449 2491 612 2552 quae
657 2473 722 2534 in
765 2475 963 2536 Albia
1007 2474 1324 2538 solvenda
1378 2480 1567 2538 erant
1607 2476 1690 2537 ab
1736 2474 2171 2556 vectigalibus
2227 2473 2385 2537 libe-

96 2556 292 2618 ravit.
381 2557 572 2618 Anno
626 2559 787 2620 1258
831 2561 988 2621 urbs
1023 2560 1179 2640 jura
1222 2559 1394 2622 intra
1422 2559 1761 2622 territoria
1796 2578 2029 2622 recens
2062 2559 2383 2640 acquisita

99 2661 274 2721 quae
323 2641 624 2703 dicuntur
646 2641 1251 2706 Weichbilderecht
1292 2644 1332 2706 i.
1368 2663 1423 2706 e.
1459 2643 1573 2724 jus
1621 2644 2057 2725 oppidaneum
2073 2639 2158 2722 ⁸),
2221 2645 2385 2706 1264

102 2725 476 2788 columnam
539 2723 967 2790 Rolandicam
1039 2727 1525 2809 jurisdictionis
1591 2727 1901 2808 propriae
1971 2728 2225 2808 signum
2286 2747 2386 2792 ac·

101 2810 374 2890 quisivit
395 2805 446 2890 ⁹)
517 2830 898 2892 quamquam
963 2813 1068 2875 de·
1100 2811 1470 2874 immediata
1524 2811 1779 2892 imperii
1808 2811 2117 2874 libertate
2149 2811 2389 2874 diutius

99 2895 192 2956 ab
237 2893 847 2975 Hamburgensibus
897 2917 1039 2959 cum
1082 2897 1428 2959 comitibus
1459 2895 1805 2958 Holsatiae
1854 2901 1921 2958 et
1960 2896 2229 2977 regibus
2259 2895 2385 2958 Da·

99 2980 252 3041 niae
323 2983 642 3042 certatum
710 2987 830 3043 est.
919 2981 1102 3044 Intra
1173 2981 1460 3044 saeclum
1504 2979 1658 3042 XII.
1707 2985 1775 3044 et
1818 2979 2001 3043 XIII.
2071 2981 2387 3043 Hambur-

99 3082 346 3144 genses
400 3063 558 3144 jura
623 3063 982 3146 singularia
1047 3066 1171 3128 sibi
1229 3065 1727 3144 constituerunt,
1773 3065 2011 3146 partim
2056 3065 2139 3128 ab
2182 3064 2390 3128 Lube-

103 3147 412 3210 censibus
483 3153 550 3209 et
619 3149 1101 3229 SusatensibUS,
1147 3157 1386 3231 postea
1455 3170 1539 3212 ex
1582 3149 1851 3232 speculo
1917 3149 2229 3215 saxonico
2286 3150 2391 3212 de·

109 3238 430 3314 prempta,
478 3235 716 3312 partim
758 3237 840 3298 ab
885 3234 1047 3316 ipsis
1097 3235 1419 3298 confecta.
1447 3232 1525 3316 ¹⁰)

319 3442 364 3510 ¹³)
441 3446 508 3494 cf.
546 3443 710 3508 zopn,
761 3443 1006 3494 deutsche
1043 3445 1589 3496 Rechtsalterthiimer
1641 3453 1779 3494 tom.
1819 3445 1914 3494 ΙΙΙ.
1954 3462 2002 3508 p.
2045 3446 2162 3498 121.

312 3514 357 3580 ⁹)
429 3515 512 3566 De
556 3531 693 3564 anno
733 3531 835 3578 quo
875 3517 1118 3566 columna
1151 3517 1442 3567 Rolandica
1489 3518 1553 3566 ab
1582 3516 2063 3578 Hamburgensnbus
2102 3517 2387 3564 constituta

101 3589 190 3647 sit,
230 3587 361 3637 nihil
399 3589 528 3636 certi
569 3592 754 3634 exstat.
831 3586 1196 3652 Oldenburgex·
1233 3589 1554 3652 (pandectae
1588 3588 1723 3651 juris
1761 3587 1951 3650 publici
1979 3588 2088 3635 sive
2114 3586 2393 3636 Limnaeu-

104 3658 426 3720 enucleatuS,
466 3657 597 3708 Gen.
647 3657 799 3709 1670.
849 3657 930 3721 F.)
965 3659 1055 3707 lib.
1099 3661 1192 3712 lv.
1241 3675 1285 3713 c.
1323 3659 1410 3712 25.
1451 3674 1501 3720 p.
1546 3659 1633 3712 86.
1682 3673 1878 3706 annum
1920 3658 2071 3710 1375.
2116 3656 2281 3706 affert.
2322 3655 2391 3708 cf.

101 3729 304 3792 Zoepfl‚
346 3727 594 3778 deutsche
629 3726 1179 3778 Rechtsalterthiimer.
1221 3738 1344 3778 tom.
1385 3729 1485 3782 111.
1518 3743 1567 3792 p.
1615 3730 1705 3781 191
1752 3742 1862 3790 squ.

290 3796 358 3860 ¹⁰)
431 3797 702 3862 Adolphus
758 3797 854 3848 111.
913 3800 1100 3850 Comes
1153 3800 1424 3849 Holsatiac
1486 3813 1623 3848 anno
1684 3799 1837 3860 1188,
1913 3796 2395 3860 Hamburgensibus

103 3869 347 3930 „liberas
386 3885 538 3920 areas
575 3870 855 3920 secundum
887 3871 1229 3934 justitiam
1267 3871 1693 3920 Lubecensium“
1742 3869 1998 3919 concessit
2048 3874 2201 3929 atque
2244 3868 2399 3931 jussit

107 3950 186 3988 ut:
225 3942 328 4002 „in
369 3942 787 4004 delinquentibus
823 3942 953 3990 haec
991 3941 1091 3992 erit
1113 3942 1334 4006 justitia,
1374 3950 1429 3990 ut.
1468 3941 1759 4003 ubicunque
1796 3939 2052 4004 quispiam
2089 3939 2398 4001 peccaverit,

101 4011 176 4058 ibi
215 4012 510 4062 Lubecensi
549 4013 661 4071 iure
703 4013 994 4062 emendet.“
1069 4011 1202 4062 Item
1240 4013 1555 4062 Albrechtus
1606 4027 1779 4060 comes
1826 4025 1964 4060 auno
2008 4009 2162 4062 1212.
2212 4009 2399 4058 consti-

101 4082 223 4144 tuit,
263 4090 370 4143 „ut
405 4084 688 4132 secundum
723 4084 981 4147 justitiam
1017 4083 1393 4133 Lubecensium
1443 4084 1501 4132 in
1554 4083 1791 4131 omnibus
1840 4096 1897 4130 se
1943 4080 2217 4128 habeanw
2256 4087 2309 4130 et
2342 4081 2396 4128 in

103 4155 404 4215 posteriorc
443 4155 756 4203 documento
796 4155 952 4203 dixit:
991 4155 1090 4215 „in
1131 4155 1342 4216 reliquis
1378 4155 1493 4216 iure
1530 4153 1770 4203 fruentur
1808 4151 2163 4202 Susatensium
2213 4159 2265 4200 et.
2300 4151 2400 4200 Lu·

107 4225 424 4274 bocennaium.
501 4226 570 4275 cf.
609 4223 900 4286 Schuback,
936 4226 1159 4274 historia
1193 4232 1310 4275 stat.
1338 4225 1527 4274 Hamb.
1573 4221 1777 4288 (1749).
1849 4223 2207 4286 Lappenberg‚
2244 4223 2402 4272 Ham-

105 4295 303 4359 burget
338 4295 901 4348 Rechtsalterthiimnr.
939 4303 1048 4344 tom
1086 4297 1128 4345 Ι.
1167 4311 1216 4360 p.
1257 4297 1511 4345 XXXIX.
1552 4309 1662 4357 squ.
1714 4295 1959 4345 Ceterum
1996 4293 2396 4345 vetustissimum

101 4366 250 4426 quod
295 4367 407 4430 jam
455 4381 596 4417 nunc
645 4373 814 4416 exstat
857 4367 1326 4432 Hamburgensium
1371 4368 1456 4431 jus
1506 4371 1585 4418 est
1632 4366 1697 4414 de
1734 4379 1872 4414 anno
1916 4364 2053 4416 1270
2089 4371 2139 4413 et
2161 4347 2271 4413 Xsuis
2312 4377 2402 4412 no-

102 4438 250 4487 mine
293 4437 764 4499 „Ordelbock“
803 4438 958 4502 vulgo
997 4438 1378 4492 circumfertur.
1453 4439 1587 4492 Vide
1625 4437 1765 4486 infra
1800 4435 1843 4498 ξ.
1883 4437 1934 4488 4.
