2950 4992
1528 427 1948 490 *12*

802 574 996 642 Unde
1020 578 1166 661 plus
1193 598 1384 658 quam
1415 583 1557 646 veri
1575 583 1783 648 simile
1810 603 1957 648 esse
1982 581 2200 660 debet,
2214 579 2665 644 Hanseaticos
2688 581 2885 644 etiam

595 660 988 728 cambiorum
1042 683 1227 726 usum
1283 669 1352 726 et
1402 669 1654 748 praxin,
1704 666 1959 750 qualem
2001 666 2069 728 in
2108 665 2347 747 Belgia
2398 667 2605 748 magis
2654 667 2886 746 vigen-

593 749 726 808 tem
767 752 962 830 atque
1006 749 1346 812 florentem
1388 750 1689 833 viderint,
1735 759 2063 835 tamquam
2107 750 2420 833 optimum
2458 750 2885 814 commercia-

592 827 746 894 lium
771 834 1286 914 negotiationum
1313 833 1753 917 adjumentum
1780 838 1849 900 in
1876 837 2156 921 patriam
2176 835 2613 915 transtulisse,
2644 854 2742 898 eo
2774 854 2887 895 ma·

591 913 696 996 gis
742 936 870 997 quo
917 917 1112 982 etiam
1163 918 1232 980 in
1283 919 1691 985 meridionali
1737 922 2103 1000 Germania,
2152 921 2543 1003 praesertim
2586 920 2661 982 in
2716 919 2886 980 urbi-

592 998 715 1062 bus
776 1000 1055 1082 Boceni,
1117 1003 1591 1088 Norimbergae
1658 1013 1726 1071 et
1788 1005 2228 1085 Francofurti,
2299 1004 2886 1087 conjunctionibus

592 1083 1000 1163 potissimum
1044 1089 1603 1154 commercialibus
1656 1111 1799 1154 cum
1853 1092 2063 1170 Italia,
2122 1109 2265 1154 cum
2311 1088 2527 1153 Gallia
2569 1088 2887 1152 meridio-

593 1167 726 1232 nali
771 1173 840 1232 et
877 1171 1026 1252 ipsa
1069 1173 1298 1236 eadem
1339 1194 1483 1238 cum
1525 1175 1777 1257 Belgia,
1827 1174 2167 1240 cambialia
2219 1175 2491 1254 negotia
2548 1173 2887 1254 divulgari

591 1251 984 1336 inciperent:
1071 1255 1140 1320 id
1212 1259 1388 1339 quod
1456 1259 1525 1321 in
1596 1261 1788 1323 finem
1862 1260 2064 1324 saecli
2102 1258 2255 1322 XV.
2302 1263 2371 1321 et
2414 1259 2665 1322 certius
2718 1259 2887 1320 intra

591 1338 878 1403 saeclum
918 1339 1104 1404 XVI.
1149 1349 1485 1425 peractum
1530 1365 1679 1409 esse
1724 1345 2067 1408 dicendum
2118 1349 2243 1408 est.
2266 1339 2345 1426 ¹⁷)
2432 1343 2613 1424 Ergo
2672 1361 2883 1423 quam-

596 1441 787 1502 quam
827 1423 1102 1488 fontium
1145 1427 1521 1491 testimonia
1567 1430 1819 1508 desunt,
1859 1435 2077 1493 tamen
2116 1427 2537 1491 dubitandum
2582 1447 2735 1489 non
2774 1431 2881 1500 est,

598 1505 752 1586 quin
794 1506 968 1571 intra
1011 1509 1295 1574 saeclum
1323 1511 1509 1574 XVI.
1554 1513 1919 1596 Hamburgi
1964 1513 2358 1578 cambiorum
2402 1512 2687 1593 negotia
2740 1530 2880 1592 quo·

597 1589 746 1654 dam
806 1591 948 1673 jam
1013 1594 1081 1657 in
1136 1613 1254 1658 usu
1303 1595 1567 1660 fuerint.
1657 1597 1863 1674 Quam
1908 1598 2169 1680 quidem
2212 1597 2609 1662 cambiorum
2663 1595 2883 1677 cogni·

595 1674 839 1738 tionem
884 1683 1081 1760 atque
1135 1681 1368 1760 praxin
1416 1689 1601 1747 recte
1658 1683 1917 1765 quidem
1960 1683 2155 1746 Meno
2200 1680 2445 1744 Poehls
2476 1677 2555 1762 ¹⁸)
2637 1701 2689 1742 a
2750 1679 2884 1742 Bel·

597 1759 764 1842 gicis
807 1765 1280 1838 mercatoribus
1347 1786 1605 1830 necnon
1669 1774 1743 1830 ut
1791 1773 1951 1850 puto
1996 1769 2079 1831 ab
2130 1767 2176 1829 J
2177 1766 2403 1829 udaeis
2446 1765 2885 1846 PortugalliS,

599 1844 708 1925 qui
754 1847 956 1910 saecli
996 1847 1181 1911 XVI.
1225 1849 1295 1912 in
1337 1851 1530 1914 finem
1573 1851 2020 1934 Hamburgum
2076 1850 2453 1932 confugisse
2494 1850 2741 1930 ibique
2798 1850 2888 1912 do·

597 1929 902 1993 micilium
967 1933 1331 1998 obtinuisse
1397 1955 1597 2018 supra
1651 1937 1811 2000 dicti
1874 1943 2041 2017 sunt,
2108 1937 2283 1999 inter
2336 1935 2889 2016 Hamburgenses

597 2013 800 2077 multo
865 2015 1206 2080 adauctam
1274 2039 1422 2083 esse
1494 2022 1850 2085 contendit.
1937 2021 2300 2102 Praecipue
2362 2038 2519 2082 vero
2564 2019 2891 2100 Belgicus

600 2099 994 2163 cambiorum
1037 2122 1192 2165 usus
1235 2103 1382 2166 istis
1425 2106 1509 2168 ab
1556 2106 2057 2188 emigratoribus
2100 2105 2547 2186 Hamburgum
2602 2104 2891 2167 transla-

597 2189 704 2246 tus
749 2203 900 2249 esse
963 2185 1238 2267 videtur,
1287 2189 1809 2271 quandoquidem
1866 2192 2013 2272 ipsa
2054 2191 2120 2252 in
2164 2189 2401 2270 Belgia-
2432 2189 2575 2270 jam
2620 2187 2893 2270 legibus

598 2266 902 2332 definitus
965 2276 1033 2334 et
1097 2272 1573 2353 quodammodo
1639 2275 1975 2357 perfectus
2047 2275 2176 2338 ista
2238 2273 2386 2356 ipsa
2448 2277 2689 2336 aetate
2764 2274 2893 2335 fuit.

599 2350 781 2426 Quae
825 2373 972 2417 cum
1013 2356 1109 2419 ita
1139 2357 1285 2436 sint,
1332 2377 1464 2420 non
1496 2358 1642 2439 plus
1676 2379 1861 2440 quam
1894 2361 2103 2422 tribus
2136 2359 2468 2423 decenniis
2498 2363 2667 2438 post
2704 2359 2895 2421 istam

599 2435 950 2518 Belgarum
1009 2441 1502 2522 emigrationem
1563 2443 1903 2508 cambialia
1955 2444 2225 2524 negotia
2268 2442 2637 2522 Hamburgi
2724 2443 2893 2505 adeo

599 2541 889 2604 crevere,
932 2529 1004 2586 ut
1045 2523 1653 2608 Hamburgensibus
1718 2528 2208 2610 magistratibus
2284 2547 2451 2609 opus
2511 2546 2671 2590 esse
2728 2528 2895 2588 vide-

599 2612 798 2687 retur,
867 2613 940 2671 ut
983 2608 1064 2672 de
1109 2631 1181 2674 rc
1228 2611 1529 2674 cambiali
1580 2612 1765 2695 leges
1813 2614 2080 2676 ferrent.
2173 2611 2377 2688 Quam
2422 2631 2581 2673 vero
2629 2620 2897 2674 arctum

599 2690 878 2755 vinclum
928 2693 1102 2760 inter
1155 2697 1497 2760 cambialia
1537 2697 1889 2780 Belgarum
1936 2703 2005 2760 et
2046 2696 2633 2778 Hamburgensium
2698 2717 2899 2778 nego-

598 2775 692 2838 tia
739 2783 806 2840 et
836 2778 994 2860 jura
1034 2781 1525 2861 magistratibus
1554 2781 2161 2864 Hamburgensibus
2208 2781 2492 2844 existere
2522 2780 2759 2842 visum
2812 2782 2899 2847 sit.

599 2879 682 2924 ex
729 2881 807 2924 eo
852 2862 1048 2926 facile
1093 2871 1196 2928 est
1240 2865 1629 2946 intelligere,
1678 2867 1855 2948 quod
1895 2866 2065 2930 istae
2113 2867 2195 2929 de
2241 2864 2509 2930 cambiis
2554 2864 2896 2928 Hambur-
2929 2903 2930 2976 ἦ

603 3167 934 3229 navigatione
996 3172 1290 3230 praemissis
1353 3185 1523 3233 neque
1585 3187 1689 3220 non
1746 3173 2060 3236 postpositi&
2136 3172 2317 3234 Itaque
2365 3173 2475 3236 ejus
2518 3180 2711 3233 partes
2762 3185 2905 3222 sunt:

609 3235 660 3299 l)
705 3238 895 3289 1—1‘2
934 3239 1143 3288 articuli
1174 3241 1307 3304 juris
1344 3242 1679 3304 Lubecensis,
1714 3242 1767 3305 2)
1818 3244 2042 3296 13—:26
2084 3242 2289 3291 articuli
2326 3250 2441 3289 sunt
2467 3241 2601 3304 juris
2622 3243 2907 3293 Flandnici

603 3321 694 3356 seu
719 3305 1005 3368 selandici,
1044 3313 1130 3372 qui
1159 3313 1310 3376 vulgo
1350 3313 1442 3362 sub
1465 3315 1679 3362 nomine
1698 3315 2064 3377 Waterregten
2084 3319 2173 3363 ten
2192 3313 2414 3362 Damme
2435 3327 2525 3361 sen
2543 3317 2633 3361 ten
2656 3313 2907 3365 westen-

603 3378 742 3440 pelle
775 3379 1211 3430 circumferuntur
1268 3393 1319 3433 et
1378 3384 1464 3446 qui
1499 3385 1720 3446 primam
1758 3385 2013 3448 originem
2052 3385 2107 3432 in
2140 3383 2333 3448 gallica
2369 3381 2760 3445 compilat-ione
2804 3389 2908 3435 inti·

604 3450 792 3509 tulata3
844 3453 1014 3502 rooles
1050 3467 1119 3500 ou
1149 3453 1420 3517 jugemens
1458 3453 1707 3504 d’Olcron
1744 3455 1951 3518 babent,
1992 3454 2046 3518 3)
2084 3453 2286 3504 articuli
2324 3454 2391 3508 37
2416 3453 2558 3504 --70
2604 3463 2745 3503 sunt
2780 3459 2909 3520 juris

605 3519 920 3582 Hollandici‚
982 3523 1068 3585 qui
1131 3525 1285 3588 vulgo
1347 3525 1591 3574 dicuntur
1642 3524 2039 3576 Waterrechten
2094 3539 2193 3574 van
2250 3524 2579 3574 Amsterdam
2640 3539 2753 3574 seu
2824 3531 2909 3577 En-

605 3589 830 3653 chuysen
865 3607 956 3641 scu
995 3592 1233 3655 Stavern,
1273 3592 1328 3660 4)
1367 3595 1571 3646 articuli
1609 3595 1672 3650 71
1716 3603 1767 3646 et
1802 3597 1870 3650 72
1905 3597 2095 3645 iterum
2133 3602 2250 3644 sunt
2274 3595 2405 3660 juris
2424 3595 2761 3644 Lubeccnsis
2808 3614 2911 3648 san-

608 3663 822 3713 ctiones.
897 3664 1030 3714 Vide
1079 3665 1392 3715 Pan-dessum
1440 3665 1735 3732 (collection
1794 3669 1859 3716 dc
1910 3667 2008 3715 lois
2043 3665 2341 3716 maritimes.
2389 3665 2539 3715 Paris
2592 3665 2748 3720 1836
2810 3685 2909 3732 squ.

607 3736 639 3788 6
677 3738 828 3789 tom.)
867 3742 991 3785 tom·
1032 3737 1073 3790 I.
1113 3751 1162 3799 p·
1201 3738 1304 3791 399
1342 3751 1452 3800 squ.
1507 3743 1560 3787 et
1604 3739 1663 3791 C.
1702 3737 1768 3787 de
1802 3737 2146 3798 Kaltenborn‚
2186 3733 2511 3786 Grundsfitze
2562 3737 2657 3784 des
2701 3739 2909 3805 Europ.

609 3803 886 3854 Secrechts
925 3813 1050 3861 tom.
1086 3807 1126 3859 1.
1166 3806 1242 3870 ἕξ.
1285 3810 1535 3862 11-14,

825 3873 887 3940 ¹⁷)
963 3879 1098 3926 Vide
1127 3877 1243 3940 jam
1279 3893 1434 3942 supra
1469 3884 1649 3926 notam
1687 3883 1904 3926 sextam.
1978 3876 2223 3926 Ceterum
2254 3889 2571 3938 quacunque
2611 3875 2684 3923 ad
2718 3889 2913 3928 nostes

605 3953 843 4010 tempora
889 3949 955 3997 de
1003 3949 1199 4011 negotii
1248 3951 1484 4013 jurisque
1539 3949 1805 3998 cambialis
1851 3961 1945 4013 per
1982 3946 2314 3996 Germaniam
2362 3961 2459 3995 usu
2506 3947 2715 4009 scripta
2770 3963 2913 4001 sum.

604 4033 866 4082 perpauca
901 4025 1020 4068 sunt
1075 4032 1243 4081 neque
1299 4021 1513 4068 omnino
1572 4019 1850 4080 sufficiunt,
1908 4023 1965 4066 ut
2019 4023 2213 4066 certum
2280 4017 2346 4066 de
2404 4016 2740 4066 cambiorum
2790 4022 2914 4073 Ger·

606 4089 823 4138 manicis
910 4091 966 4140 in
1073 4091 1226 4138 terris
1303 4090 1466 4138 initiis
1539 4088 1791 4153 judicium
1874 4089 2063 4153 capias.
2188 4087 2361 4137 Etiam
2437 4099 2569 4149 quac
2633 4085 2915 4142 Bienerus

609 4159 1156 4223 (Wechsolreehtllche
1192 4159 1610 4223 Abhandlungen
1646 4175 1696 4224 p.
1738 4161 1845 4214 290
1885 4157 2018 4224 squ.)
2066 4165 2262 4219 narrat,
2310 4157 2440 4206 nihil
2489 4157 2633 4205 aliud
2687 4161 2917 4213 demon.

608 4236 792 4291 strant,
847 4245 1000 4292 quam
1055 4231 1196 4292 quod
1248 4231 1314 4280 de
1373 4230 1471 4279 bac
1528 4245 1586 4279 re
1652 4227 1901 4280 historiae
1957 4230 2269 4280 documenta
2323 4229 2539 4277 omnino
2590 4242 2708 4279 non
2768 4243 2917 4285 reete

609 4307 792 4364 “perta
821 4309 1117 4434 181ἰἰωοΜοιιο
1157 4369 1336 4432 Foliis,
1391 4369 1789 4431 naudelu-eom,
1845 4383 1966 4434 pars
2002 4370 2044 4418 1.
2084 4383 2134 4432 p.
2174 4369 2259 4422 33.
2317 4381 2436 4431 pars
2473 4366 2542 4415 11.
2582 4383 2633 4430 p.
2680 4373 2789 4435 23,
2840 4379 2919 4432 24,

611 4440 830 4501 Bueach,
869 4439 1178 4492 Geschichte
1217 4439 1309 4490 des
1343 4439 1629 4504 Hamburg.
1667 4439 1901 4490 Handels
1936 4455 1987 4502 p.
2026 4437 2112 4492 28.
