2950 4992
1532 425 1908 486 ..41-

591 578 720 652 alii.
744 577 796 660 ⁴)
858 615 940 623 —
1009 577 1237 660 Neque
1297 573 1569 641 defuere
1617 579 1726 659 qui
1770 583 2045 660 propter
2097 579 2535 642 recentiorum
2592 577 2893 640 cambio-

588 685 729 728 rum
772 663 1086 745 generale
1132 661 1458 743 quoddam
1513 662 1686 727 inter
1745 668 2148 727 mercatores
2194 664 2475 746 pretium
2522 680 2897 742 eorumque

593 748 1002 811 celerrimum
1050 765 1306 810 cursum
1351 747 1869 812 commercialem
1904 748 2219 811 cambium
2263 766 2385 830 pro
2418 747 2565 829 ipsa
2593 746 2901 828 pecunia

588 833 822 896 fictitia
868 853 952 896 ex
993 850 1247 914 papyro
1294 831 1602 896 confecta
1644 829 1986 896 haberent.
2070 833 2252 896 Inter
2312 851 2476 914 quos
2518 838 2674 914 post
2715 829 2899 911 Ley-

591 937 840 996 serum,
930 916 1355 995 Β110301111101,
1455 915 1943 981 Treitschkium
2025 915 2380 1000 praecipue
2442 914 2816 980 Einertium
2842 911 2898 995 ⁵)

589 1006 658 1064 et
688 1002 796 1083 qui
823 1001 1074 1064 huncce
1105 999 1305 1063 variis
1335 1001 1607 1064 variatis
1639 1001 1898 1084 sequnti
1930 1007 2096 1080 sunt,
2128 1002 2505 1081 Brauerum,
2530 999 2895 1078 Kochium,

588 1085 919 1150 Kheilium
967 1091 1091 1149 etc.
1137 1085 1472 1149 nominare
1515 1085 1691 1149 licet.
1780 1083 1961 1161 Quae
2009 1049 2266 1168 qu’idem
2311 1086 2394 1149 de
2440 1085 2708 1149 cambiis
2744 1084 2897 1165 opi·

587 1171 699 1235 nio
759 1170 928 1234 falsa
983 1169 1138 1232 mihi
1194 1170 1469 1269 vid-etur,
1532 1170 1835 1252 quoniam
1879 1169 2216 1252 quominus
2263 1170 2517 1234 cambia
2556 1168 2899 1252 pecuniae

586 1255 794 1354 ipsius
841 1255 1131 1336 speciem
1176 1254 1518 1337 recipiant,
1563 1255 2093 1337 impedimentum
2150 1260 2255 1318 est
2297 1255 2572 1338 primum
2616 1253 2803 1336 quod
2858 1274 2897 1316 0

586 1339 910 1423 principio
959 1345 1026 1402 et
1070 1339 1330 1420 quidem
1375 1358 1456 1402 ex
1500 1339 1691 1404 titulo
1725 1339 1899 1422 juris
1939 1338 2198 1422 privati,
2241 1359 2375 1403 non
2402 1339 2667 1421 publica
2692 1343 2897 1401 auto-

586 1424 803 1503 ritate,
855 1423 1260 1487 constituunt
1304 1427 1552 1488 certum
1606 1423 1779 1507 juris
1833 1424 2118 1487 vinclum
2170 1424 2343 1487 inter
2398 1429 2669 1487 certas
2730 1443 2896 1504 per·

590 1527 806 1590 30003,
883 1509 953 1571 1(1
1027 1507 1202 1590 (111οᾱ
1259 1507 1521 1589 quidem
1567 1529 1608 1571 a
1648 1508 1965 1591 pecuniae
2010 1514 2245 1572 natura
2296 1507 2491 1591 plane
2536 1507 2893 1584 abhorret,

586 1594 779 1657 immo
827 1591 1297 1674 obligationem
1363 1593 1735 1676 constituit;
1815 1600 1883 1656 et
1939 1592 2176 1656 deinde
2234 1593 2408 1674 quod
2454 1591 2687 1656 cambii
2731 1611 2895 1674 pre-

587 1678 746 1740 tium
788 1696 923 1740 non
968 1682 1153 1740 certo
1194 1676 1421 1740 valore
1469 1683 1537 1740 et
1578 1678 1675 1740 uti
1717 1677 1942 1741 dicunt
1986 1697 2179 1741 cursu
2221 1682 2501 1756 tenetur,
2561 1676 2678 1740 sed
2724 1677 2896 1739 flue

586 1762 866 1826 tuarium
909 1763 1230 1842 quendam
1273 1761 1563 1826 valorem
1610 1761 1962 1826 secundum
2016 1761 2397 1843 qualitatem
2442 1767 2766 1825 certarum
2816 1762 2895 1823 in

589 1847 841 1910 cambio
903 1846 1291 1928 scriptarum
1333 1866 1778 1928 personarum,
1828 1848 2180 1909 secundum
2227 1848 2760 1910 commerciorum
2790 1848 2893 1907 vi-

591 1931 1006 1994 cissitudines
1053 1935 1248 2011 atque
1295 1932 1757 2013 conjuncturas
1802 1950 2058 1994 necnon
2104 1931 2457 1994 secundum
2485 1930 2781 1993 locorum
2820 1932 2891 1992 in

593 2016 825 2096 quibus
885 2015 1200 2078 cambium
1256 2019 1324 2078 et
1381 2021 1593 2078 ortum
1648 2022 1717 2079 et
1760 2015 2141 2079 solvendum
2185 2021 2307 2096 est,
2358 2014 2889 2078 commercialem

593 2099 1150 2183 opportunitatem
1208 2104 1276 2162 et
1332 2101 1517 2181 quasi
1570 2100 1987 2164 autoritatem
2040 2099 2258 2163 habet.
2344 2099 2546 2165 Immo
2593 2105 2697 2163 est
2744 2101 2922 2182 qui-2

593 2185 741 2249 dem
787 2184 1103 2247 cambium
1135 2184 1307 2266 juris
1353 2185 1634 2248 vinclum
1676 2184 1848 2248 inter
1894 2189 2111 2248 certas
2155 2203 2321 2266 quae
2349 2184 2417 2246 in
2439 2183 2665 2247 tabula
2710 2204 2889 2246 cam-

589 2269 680 2333 bii
727 2269 1014 2351 scriptae
1054 2273 1206 2331 sunt
1247 2289 1587 2351 personae,
1637 2275 1741 2334 est
1772 2269 1945 2352 juris
1989 2269 2230 2352 privati
2259 2273 2455 2350 atque
2504 2274 2811 2332 contra
2830 2289 2887 2331 c·

589 2360 718 2418 tus
765 2352 1162 2432 formalis,
1232 2373 1507 2435 quacum
1578 2354 1905 2418 sententia
1962 2353 2398 2416 recentissimi
2461 2353 2541 2418 de
2601 2354 2886 2416 cambiis

591 2439 950 2520 scriptores
995 2435 1135 2502 fere
1182 2456 1405 2501 omnes
1452 2439 1886 2518 consentiunt,
1935 2438 2032 2501 uti
2074 2437 2307 2518 Thoel,
2352 2437 2703 2516 Bluntchli,
2751 2436 2885 2501 Re-

591 2523 781 2603 naud,
832 2520 1104 2600 Gerber,
1165 2521 1473 2604 Gengler,
1530 2522 1802 2603 Walter,
1864 2521 2111 2604 Unger,
2170 2521 2611 2604 Schlesinger,
2660 2522 2885 2586 03001·

589 2607 960 2686 Waechter,
1006 2605 1188 2687 Fick,
1234 2606 1312 2670 E.
1345 2607 1716 2688 Hoffmann,
1764 2607 1892 2687 alii,
1940 2606 2100 2670 licet
2140 2613 2372 2670 nostro
2416 2613 2714 2690 tempore
2764 2608 2883 2670 alii

591 2691 981 2770 exstiterint,
1044 2691 1154 2772 qui
1216 2692 1311 2754 uti
1376 2699 1534 2774 post
1574 2691 1789 2756 Liebii
1859 2697 1927 2755 et
1968 2691 2269 2754 Beseleri
2332 2692 2541 2774 magis
2576 2692 2916 2756 incertas³

591 2776 1002 2840 definitiones
1043 2774 1303 2840 Kuntze
1349 2783 1418 2840 et
1456 2777 1654 2860 Jolly,
1704 2777 2022 2841 cambium
2043 2794 2174 2838 non
2203 2795 2326 2858 pro
2354 2781 2716 2855 contractu,
2758 2779 2883 2840 sed

589 2881 712 2944 pro
761 2859 1133 2924 unilaterali
1171 2866 1324 2923 actu
1366 2861 1625 2926 formali
1668 2862 1971 2925 habeant.
2911 2941 2912 2944 Ἴ

797 2944 886 3007 Et
912 2945 1075 3008 haec
1107 2945 1366 3026 quidem
1397 2947 1727 3009 sufficiant
1756 2964 1922 3027 quae
1969 2946 2051 3008 de
2095 2943 2489 3007 cambiorum
2532 2945 2763 3007 notio
2783 2966 2883 3008 ne

584 3035 786 3111 atque
830 3034 1126 3092 natura
1168 3029 1649 3110 praemittenda
1719 3029 1979 3093 fuerint.
2072 3028 2543 3092 Convertamus
2615 3048 2745 3092 nos
2798 3031 2910 3093 ad¹

587 3115 666 3178 hi
683 3133 714 3178 3
726 3120 756 3176 t
773 3133 811 3177 0
826 3114 1014 3176 110111
1055 3112 1335 3176 instituti
1381 3113 1737 3178 cambialis.

800 3197 960 3260 Cum
1004 3215 1162 3260 vero
1208 3197 1537 3278 antiquior
1581 3204 1649 3262 et
1692 3195 2139 3279 antiquissima
2183 3196 2576 3259 cambiorum
2606 3199 2883 3278 species

587 3283 670 3346 ab
715 3266 960 3354 Italis
1007 3285 1076 3344 et
1121 3281 1432 3364 deinceps
1479 3303 1519 3346 a
1560 3283 1871 3348 Romanis
1918 3280 2429 3363 provincialibus
2478 3282 2585 3362 qui
2626 3281 2697 3342 in
2746 3303 2883 3346 me

585 3365 891 3430 ridionali
938 3363 1156 3428 Gallia
1227 3365 1544 3446 habitant,
1617 3369 1902 3447 inventa,
1979 3364 2240 3428 exculta
2308 3370 2505 3463 atque
2561 3366 2647 3429 ad
2708 3367 2885 3430 01103

588 3455 820 3534 gentes
865 3448 1185 3514 translata
1243 3457 1441 3532 esset,
1509 3452 1840 3516 recentior
1910 3449 2247 3514 cambialis
2311 3450 2591 3512 instituti
2655 3450 2885 3531 vigor,

589 3554 778 3618 quem
843 3534 1348 3599 indossamentis
1423 3537 1707 3602 inventis
1779 3557 1912 3600 non
1990 3539 2141 3598 ante
2187 3534 2473 3597 saeclum
2514 3533 2740 3598 XVII.
2794 3537 2898 3600 111-4

588 3625 847 3702 ceptum
953 3637 1100 3681 esse
1186 3619 1487 3702 diximus,
1598 3642 1719 3704 per
1789 3621 2097 3684 Franco
2113 3617 2377 3700 gallos
2460 3619 2885 3701 potissimum

800 3858 845 3925 ⁴)
923 3859 1154 3922 Franek,
1203 3862 1325 3911 inst.
1356 3864 1446 3927 jux·
1504 3862 1670 3917 camb.
1708 3863 1857 3912 natis
1902 3865 2055 3924 1721,
2108 3870 2160 3913 et
2204 3866 2422 3928 saepius.
2458 3888 2530 3898 -
2567 3860 2835 3912 Piittman

586 3928 915 3987 Grundsfitze
974 3931 1064 3980 (103
1119 3931 1554 3984 Weehselrechts.
1628 3933 1861 3999 Leipzig,
1922 3934 2087 3993 1784;
2144 3934 2268 3984 edit.
2326 3935 2423 3986 111.
2486 3948 2578 3997 per
2614 3932 2845 3983 Marten

587 4003 742 4060 1805.
779 4029 851 4042 —
887 4003 1220 4068 Weissegger
1269 4019 1366 4054 von
1414 4004 1767 4067 Weisseneck‚
1816 4005 2047 4055 Theon-ie
2096 4006 2238 4056 eines
2287 4005 2631 4068 allgemeinen
2650 4021 2661 4032 ·
2680 4003 2839 4056 Wec

583 4074 850 4124 solt-echte.
924 4073 1178 4138 Freiburg
1220 4071 1503 4138 1818,19.
1579 4077 1611 4128 2
1650 4075 1809 4138 Bde.,
1830 4103 1900 4112 —
1921 4077 1984 4126 (10
2020 4073 2200 4139 Boset,
2238 4075 2333 4125 der
2368 4074 2777 4126 Weehselcontr

593 4143 732 4208 Prag
778 4145 933 4198 1812.

795 4213 838 4279 ³)
909 4215 1123 4279 Leyser,
1200 4215 1324 4271 (1133.
1383 4216 1448 4266 (10
1506 4217 1719 4266 cambiis
1775 4218 2029 4271 trassatis.
2102 4201 2303 4267 Ῑῖἒτίιιη.
2348 4216 2505 4271 1719
2540 4240 2615 4251 -
2646 4213 2843 4272 Buese

582 4281 922 4350 Darstellung
958 4287 1056 4340 der
1090 4285 1376 4352 Handluug
1415 4285 1562 4352 (edit.
1585 4303 1663 4351 pr.
1695 4287 1849 4341 1791.
1875 4287 2205 4353 Hamburg.).
2244 4315 2310 4329 --
2350 4283 2677 4347 Treitschke,
2689 4288 2841 4342 Han

583 4353 718 4404 buch
773 4355 863 4404 des
889 4357 1352 4477 SWeohselrechts.
1426 4357 1641 4422 Leipzig
1704 4357 1858 4412 18:24.
1920 4383 1993 4398 --
2054 4360 2254 4420 Einert,
2314 4359 2405 4408 (133
2458 4356 2817 4418 Wechselrec

579 4425 811 4492 Leipzig.
859 4427 880 4478 1
923 4426 992 4479 39
