2950 4992
1045 459 1472 520 ..35-

315 609 400 671 Id
446 609 625 690 quod
667 629 748 672 eo
802 609 1012 674 minus
1080 611 1365 675 dubitari
1433 617 1677 694 potest,
1750 629 1878 691 quo
1929 608 2071 691 jam
2134 608 2389 674 decimo

113 693 332 772 quinto
378 714 549 757 anno
595 699 752 775 post
792 695 1304 776 publicationem
1337 697 1513 779 juris
1571 693 2002 777 Hamburgici
2052 713 2173 776 per
2229 693 2389 759 Ger-

109 778 386 840 maniam
447 778 1081 842 indossamentorum
1147 800 1452 844 verorum
1518 799 1704 844 usum
1772 779 1943 843 adeo
1988 778 2389 859 divulgatum

109 861 244 941 fuit,
313 867 390 924 ut
452 863 946 944 magistratibus
1005 865 1418 947 periculosus
1483 884 1631 928 esse
1698 864 2060 944 videretur,
2130 862 2389 926 scilicet

112 947 216 1026 qui
259 953 587 1029 putarent,
625 947 1082 1030 'multiplicatis
1111 949 1620 1013 indossamentis
1649 967 1985 1012 recursum
2004 947 2386 1012 cambialem

108 1030 172 1092 in
215 1050 404 1094 reum
445 1051 683 1114 magno
729 1032 795 1094 in
838 1033 1132 1114 periculo
1179 1031 1451 1115 esse.⁷⁸)
1538 1033 1957 1098 Francofurti
2011 1051 2168 1096 sane
2212 1051 2383 1096 anno

112 1117 274 1177 1620
316 1115 875 1180 indossamentum
933 1116 1054 1200 (sc.
1100 1117 1351 1201 verum)
1407 1119 1682 1182 vetitum
1749 1118 2051 1198 idemque
2120 1115 2385 1180 interdi-

109 1205 282 1262 ctum
326 1219 498 1263 anno
534 1201 696 1264 1635
723 1202 1078 1283 repetitum
1122 1208 1190 1266 ct
1233 1204 1430 1267 etiam
1471 1202 1726 1266 Boceni
1752 1201 2231 1284 promulgatum
2263 1205 2385 1264 est.

106 1283 682 1366 Norimbergensis
753 1305 910 1349 vero
979 1292 1248 1350 senatus
1314 1308 1507 1350 unum
1582 1286 2027 1351 tantummodo
2090 1285 2387 1349 indossa-

106 1375 392 1432 mentum
434 1375 508 1432 ut
549 1369 742 1433 fieret
782 1371 1084 1451 permisit
1135 1390 1308 1434 anno
1359 1373 1542 1452 1654,
1603 1376 1673 1435 et
1712 1369 2132 1434 Francofurti
2173 1369 2382 1452 preci-

107 1454 229 1516 bus
297 1460 737 1517 mercatorum
801 1455 1043 1518 intimis
1099 1455 1240 1536 jam
1288 1457 1450 1518 1666
1520 1461 1786 1520 senatus
1834 1460 2192 1520 commotus
2262 1460 2383 1533 est,

113 1543 182 1599 ut
227 1537 492 1619 plenam
533 1538 919 1602 indossandi
959 1539 1334 1603 libertatem
1374 1540 1749 1621 largiretur.
1771 1538 1856 1622 ⁷⁴)

321 1622 546 1685 Hasce
595 1624 676 1686 de
723 1623 992 1686 cambiis
1035 1623 1400 1706 Hamburgi
1463 1625 1652 1706 leges
1715 1624 2015 1687 laudibus
2063 1622 2383 1686 extollere

107 1705 330 1768 nolim.
423 1705 628 1782 Quam
672 1709 1004 1788 antiquam
1051 1709 1456 1771 sanctionem
1502 1709 1558 1771 si
1604 1729 1747 1772 cum
1777 1708 2190 1772 ordinatione
2223 1726 2387 1770 cam-

105 1790 265 1852 biali
314 1790 702 1854 Germanica
745 1793 896 1854 anni
948 1793 1108 1856 1848
1157 1793 1659 1874 comparaveris,
1720 1813 1876 1856 sane
1944 1791 2203 1874 quidem
2272 1790 2389 1854 illa

105 1893 230 1955 pro
275 1875 426 1938 rudi
471 1877 746 1956 quadam
788 1876 980 1955 mole,
1057 1877 1222 1940 haec
1275 1898 1399 1959 pro
1445 1878 1681 1941 eximio
1726 1877 2178 1960 legislatoriae
2226 1875 2387 1939 artis

110 1959 469 2040 specimine
523 1961 826 2024 habenda
869 1966 990 2024 est.
1077 1962 1171 2024 At
1215 1982 1373 2024 vero
1430 1962 1591 2026 licet
1652 1962 1804 2026 illae
1849 1962 2034 2043 leges
2081 1961 2387 2042 antiquae

111 2050 177 2105 et
221 2044 650 2108 brevissimae
707 2065 920 2126 neque
977 2050 1119 2108 arte
1166 2047 1583 2128 conscriptae
1630 2047 1779 2127 sint,
1825 2046 2085 2108 illorum
2142 2051 2386 2126 tempo-

107 2149 248 2190 rum
293 2130 439 2192 usui
485 2129 566 2192 de
625 2130 895 2192 cambiis
943 2129 1424 2212 simplicissimo
1469 2151 1743 2213 prorsus
1786 2130 2125 2193 suffecisse
2169 2129 2386 2192 viden-

110 2219 216 2274 tur
229 2209 350 2294 ,⁷⁵)
418 2213 512 2276 ita
575 2220 647 2277 ut
712 2219 922 2276 totum
987 2234 1108 2295 per
1175 2215 1460 2278 saeclum
1524 2218 1593 2278 in
1634 2215 1865 2296 vigore
1908 2218 2387 2296 permanerent.

107 2297 195 2358 Et
238 2317 624 2378 quamquam
671 2299 1014 2380 septimum
1059 2305 1452 2362 statutorum
1509 2301 1661 2364 anni
1709 2300 1870 2362 1605
1916 2297 2171 2361 titulum
2214 2317 2385 2360 anno

115 2376 274 2444 1711
325 2403 496 2445 nova
541 2383 622 2446 de
671 2383 938 2446 cambiis
989 2384 1368 2446 constitutio
1413 2385 1694 2465 sustulit,
1744 2403 1909 2465 quae
1943 2382 2203 2464 quidem
2231 2402 2386 2464 pau·
2484 2454 2497 2466 ,

111 2671 242 2708 cum
274 2653 475 2708 Arenz
517 2651 865 2729 (Ursprung
906 2655 1024 2712 und
1064 2652 1527 2730 Entwickclung
1568 2657 1673 2712 des
1717 2654 2053 2712 Wechsels.
2132 2653 2388 2729 Leipzig

119 2726 290 2796 1855)
331 2748 386 2800 p.
429 2731 502 2784 44
545 2749 672 2804 squ.
735 2731 1110 2788 documentis
1153 2751 1304 2806 quae
1363 2730 1426 2786 in
1464 2731 1757 2788 Lorenzii
1809 2727 2043 2786 Mederi
2108 2728 2263 2786 libro
2316 2730 2389 2785 de

112 2803 468 2860 commercio
513 2801 683 2870 (anni
735 2809 902 2875 1558)
961 2806 1370 2875 inveniuntur,
1430 2805 2020 2863 indossamentorum
2077 2822 2184 2876 per
2228 2803 2385 2860 Ger-

111 2878 367 2934 maniam
425 2889 486 2934 et
547 2878 780 2936 ltaliam
843 2899 1013 2952 usum
1067 2885 1192 2952 jam
1252 2881 1440 2937 saecli
1480 2877 1651 2938 XVl.
1704 2879 1879 2938 initio
1926 2878 2281 2936 subvenisse
2324 2888 2389 2938 ut

109 2963 252 3024 puto
298 2973 416 3010 non
453 2958 621 3026 juste
663 2955 950 3028 probrare
995 2958 1214 3012 studet.
1557 3015 1561 3020 ,

327 3027 398 3098 ⁷³)
521 3028 784 3088 Caussas
827 3031 1042 3106 quibus
1123 3031 1514 3105 magistratus
1576 3031 1646 3086 ad
1704 3031 2025 3087 vetandum
2106 3029 2389 3086 commoti

113 3103 258 3173 sint,
317 3103 468 3160 bene
505 3107 626 3177 jam
681 3105 994 3178 proposuit
1037 3104 1353 3181 Heydiger
1405 3109 1440 3165 1.
1484 3126 1535 3162 e.
1597 3125 1647 3179 p.
1720 3111 1840 3165 130.
1954 3104 2127 3160 Aliae
2193 3113 2391 3162 autem

109 3193 366 3234 caussae
411 3179 590 3235 etiam
652 3200 728 3236 ex
788 3180 923 3237 odio
987 3181 1290 3238 ducendae
1351 3191 1494 3238 sunt
1535 3201 1651 3256 quo
1695 3191 1837 3238 tunc
1878 3180 2056 3238 etiam
2098 3179 2391 3254 temporis

110 3254 286 3308 multi
329 3255 696 3312 cunibiorum
747 3256 989 3312 omnino
1031 3255 1374 3312 institutum
1424 3257 1727 3328 persecuti
1786 3267 1938 3313 sunt.
2058 3254 2391 3313 Notissima

111 3339 256 3384 sunt
296 3329 408 3386 hoc
449 3331 522 3385 de
565 3331 704 3388 odio
746 3332 930 3387 verba
975 3331 1179 3406 Vogtii
1221 3333 1286 3400 (l.
1312 3352 1362 3387 c.
1405 3331 1580 3402 210):
1626 3331 2003 3390 Cambiorum
2046 3340 2391 3388 contractus

109 3401 318 3460 multis
360 3405 620 3480 insignis
664 3404 971 3462 doctrinae
1012 3407 1161 3463 viris
1204 3406 1551 3464 doctoribus
1611 3417 1790 3482 atque
1845 3406 2151 3481 theologis
2204 3406 2386 3481 (quon

110 3478 370 3553 Vogtius
435 3480 708 3554 singulos
771 3479 1067 3551 nominat)
1114 3481 1352 3538 videtur
1409 3479 1670 3537 maxime
1730 3482 2117 3552 damnabilis,
2176 3500 2253 3536 ex
2316 3501 2387 3538 eo

109 3555 270 3628 quod
311 3554 500 3627 primo
544 3565 774 3629 turpem
819 3566 880 3610 et
928 3556 1204 3612 illicitum
1245 3555 1463 3612 habeat
1503 3557 1703 3627 finem,
1745 3557 2089 3614 inserviens
2131 3555 2385 3612 insatia-

109 3629 218 3684 bili
262 3630 570 3702 cupiditati
615 3641 677 3687 et
717 3631 1026 3701 avaritiae,
1071 3650 1221 3706 quae
1263 3640 1464 3687 tamen
1508 3631 1768 3688 omnium
1796 3635 2085 3690 malorum
2124 3639 2185 3686 et
2209 3631 2385 3687 radix

109 3715 172 3760 et
213 3705 426 3778 regina
468 3715 584 3777 cst,
629 3717 690 3760 et
718 3707 1008 3780 magistra
1033 3706 1307 3775 nocendi,
1349 3705 1741 3779 primipilaria
1781 3705 2138 3781 iniquitatis,
2180 3706 2387 3780 auriga

109 3779 404 3850 malitiae,
449 3781 704 3838 siccaria
757 3782 1069 3852 virtutum,
1114 3781 1430 3839 seditionis
1474 3781 1647 3856 origo
1696 3791 1875 3857 atque
1915 3781 2093 3839 fovea
2120 3781 2386 3839 'scanda—

109 3857 304 3911 lorum
351 3856 592 3911 dicitur.

329 3927 402 3999 ⁷⁴)
485 3933 650 3996 Quas
717 3931 1186 3988 constitutiones
1251 3931 1404 3986 bene
1463 3931 1795 3988 illustravit
1861 3929 2175 4006 Heydiger
2235 3933 2275 3986 l.
2338 3953 2387 3988 c.

113 4005 278 4062 Sane
323 4005 530 4062 mirari
572 4007 734 4077 licet,
777 4008 930 4082 quod
974 4006 1142 4063 Bode
1182 4005 1243 4062 in
1283 4006 1493 4064 libello
1561 4008 1633 4062 de
1698 4005 1945 4064 cambiis
1988 4009 2193 4074 (1646)
2235 4007 2387 4065 nihil

108 4101 306 4156 neque
343 4081 405 4136 in
450 4082 610 4138 thesi
651 4081 746 4138 lv.
801 4101 859 4138 n.
903 4081 968 4138 Β.
1013 4090 1082 4136 ut
1125 4079 1369 4138 Kuntze
1413 4079 1776 4147 (Schletteri
1826 4081 2198 4138 Jahrbiicher
2248 4093 2389 4140 tom.

114 4157 190 4212 vl
253 4177 286 4229 p
360 4160 490 4212 143»
533 4166 720 4229 putat,
763 4159 835 4214 de
876 4154 1344 4214 indossamentis
1373 4157 1545 4213 dixit.

329 4229 404 4302 ⁷⁶)
488 4233 617 4298 Quo
661 4231 895 4307 quidem
939 4233 1011 4287 de
1052 4231 1165 4288 hoc
1206 4240 1413 4288 vetere
1449 4234 1589 4304 jure
1631 4230 2181 4306 Hamburgensium
2224 4253 2383 4290 cam-

110 4307 258 4363 biali
322 4307 382 4362 in
439 4307 666 4379 judicio
731 4307 1044 4366 consentio
1114 4326 1245 4362 cum
1303 4305 1650 4378 Dedekind,
1716 4307 2203 4383 Vergungenheit
2268 4311 2387 4365 und

114 4383 478 4458 Gegenwart
519 4385 624 4439 des
659 4381 1143 4440 Wechselreehts
1186 4401 1316 4456 pag.
1353 4386 1413 4438 14
1445 4403 1575 4460 squ.
1607 4393 1668 4439 et
1690 4383 1945 4454 Buesch,
1992 4380 2384 4458 Handlungs-

115 4457 468 4531 geschichte
515 4455 864 4533 Hamburgs
908 4456 959 4526 S.
1014 4462 1074 4512 13
1120 4476 1251 4531 pag.
1295 4460 1386 4512 27.
2127 4481 2131 4484 ·

1842 4580 1934 4641 3*-
