2950 4992
1510 455 1891 515 -,3...

771 600 986 666 Porro
1033 605 1333 687 stapulae
1377 607 1729 689 privilegia
1774 608 1928 670 olim
1969 625 2328 689 permagna
2357 607 2539 672 fuere
2572 611 2641 670 et
2671 624 2857 671 anno

569 689 733 753 1482
778 708 818 752 a
858 687 1198 754 Friderico
1243 689 1362 754 III.
1408 691 1805 774 imperatore
1861 691 2241 754 confirmata
2296 697 2462 754 sunt.
2546 691 2857 754 Eximiae

563 793 724 838 vero
792 773 1228 837 immunitates
1293 777 1509 856 quoad
1578 777 2030 839 commercium
2081 775 2693 858 Hamburgensibus
2770 777 2857 839 ab

564 858 906 923 comitibus
929 858 1276 922 Holsatiae
1307 859 1416 941 qui
1445 879 1650 942 usque
1682 861 1767 924 ad
1794 860 2013 923 XVII.
2050 860 2334 924 saeclum
2373 860 2553 924 urbis
2600 861 2859 924 domini

566 942 1001 1009 territoriales
1047 963 1119 1006 se
1167 963 1316 1008 esse
1363 946 1867 1024 contendebant,
1917 964 2235 1008 concessa
2280 951 2449 1008 sunt.
2476 943 2562 1028 ¹¹)

771 1027 1030 1091 Deinde
1057 1027 1507 1110 Hamburgum
1548 1030 1759 1111 ipsum
1804 1049 1889 1094 ex
1914 1030 2423 1093 immunitatibus
2467 1050 2634 1112 quae
2666 1029 2861 1093 Han-

564 1112 832 1177 seaticis
875 1131 997 1194 per
1038 1110 1531 1195 Lotharingiam
1572 1120 1643 1177 et
1676 1113 2098 1178 Brabantiam
2142 1114 2327 1177 annis
2362 1116 2525 1178 1256
2557 1120 2625 1178 et
2658 1108 2860 1192 1257,

563 1217 684 1279 per
725 1197 1158 1279 Brunsvigam
1204 1203 1270 1260 et
1323 1196 1783 1280 Luneburgam
1829 1200 2011 1280 1258,
2070 1218 2193 1281 per
2235 1198 2540 1280 Angliam
2582 1198 2862 1282 privile-

566 1282 693 1364 giis
738 1282 1012 1345 Henrici
1053 1281 1174 1345 III.
1225 1283 1387 1344 1266
1437 1301 1795 1347 concessae
1842 1291 2047 1364 erant,
2098 1303 2177 1347 eo
2224 1284 2475 1366 majora
2520 1283 2646 1346 sibi
2680 1303 2866 1346 com·

565 1367 760 1430 moda
803 1367 1136 1430 vindicare
1166 1367 1398 1448 potuit,
1449 1387 1577 1448 quo
1624 1369 2057 1449 opportunior
2100 1369 2281 1430 urbis
2323 1367 2864 1450 Hamburgensis

567 1451 732 1515 situs
779 1451 863 1513 ad
897 1451 1284 1514 commercia
1307 1471 1451 1514 cum
1470 1452 1617 1514 istis
1642 1453 1837 1516 terris
1884 1453 2189 1516 facienda
2233 1459 2394 1516 erat.
2447 1454 2641 1516 Anno
2689 1472 2865 1516 vero

571 1538 736 1600 1560
827 1555 901 1599 er
941 1535 1216 1598 Daniam
1261 1537 1344 1598 ab
1388 1537 1825 1618 vectigalibus
1867 1537 2239 1600 immunitas
2278 1537 2573 1601 redemta
2616 1542 2751 1600 est.

844 1639 1010 1684 enuo
1052 1621 1286 1683 *autem
1329 1622 1806 1686 recentioribus
1874 1622 2369 1704 peregrinorum
2412 1627 2867 1685 mercatorum

569 1711 640 1769 et
681 1704 985 1787 opificum
1026 1705 1581 1786 emigrationibuS,
1630 1707 1741 1787 qui
1780 1706 1849 1768 in
1892 1706 2087 1770 finem
2128 1706 2331 1770 saecli
2360 1705 2543 1769 XVI.
2594 1706 2868 1768 evenie-

567 1791 746 1870 bant,
814 1789 1406 1870 Hamburgensium
1480 1791 2008 1854 commerciorum
2085 1791 2285 1854 flores
2355 1789 2545 1853 valde
2616 1795 2867 1853 auctae

571 1880 738 1940 sunt.
826 1874 1111 1936 Primum
1151 1873 1503 1954 Anglicani
1554 1874 1738 1938 multi
1779 1875 2229 1958 Hamburgum
2286 1895 2359 1938 se
2412 1874 2870 1952 contulerunt,

572 1961 682 2042 qui
722 1958 1108 2032 Elisabetha
1170 1958 1402 2039 regina
1468 1959 1831 2041 imperante
1900 1965 2176 2042 propter
2240 1959 2625 2040 religionem
2691 1960 2871 2021 1566

569 2064 740 2110 anno
786 2043 1062 2126 patriam
1106 2042 1448 2124 fugiebant
1504 2050 1571 2106 et
1612 2044 1809 2126 vulgo
1868 2045 2125 2108 nomine
2184 2044 2443 2125 anglico
2490 2044 2868 2123 „adventu-

570 2129 754 2194 rers“
799 2127 1231 2210 appellantur.
1320 2127 1512 2191 Unde
1558 2130 1641 2192 ab
1686 2128 1871 2192 initio
1932 2129 2147 2191 multis
2194 2128 2511 2190 molestiis
2560 2134 2630 2190 et
2687 2127 2869 2190 cala-

572 2214 904 2279 mitatibus
963 2232 1106 2274 cum
1146 2211 1413 2275 Hansae
1466 2218 1600 2274 tum
1644 2213 2025 2295 Hamburgo
2084 2213 2332 2292 allatis,
2402 2231 2623 2276 omnes
2696 2232 2867 2274 sane

571 2297 1119 2364 Hanseaticorum
1162 2316 1285 2378 per
1326 2297 1630 2378 Angliam
1674 2297 2017 2361 libertates
2064 2318 2145 2360 ne
2199 2298 2588 2361 tollerentur
2632 2296 2707 2358 in
2756 2315 2873 2378 pe-

572 2383 781 2448 riculo
827 2381 1030 2445 fuere.
1115 2383 1424 2444 Attamen
1471 2387 1540 2443 et
1580 2387 1725 2444 arte
1784 2389 1852 2444 ct
1906 2382 2169 2445 fortuna
2212 2383 2356 2444 istis
2398 2379 2719 2464 periculis
2770 2401 2874 2442 re-

574 2468 799 2547 motiS,
869 2466 1398 2528 adventuriorum
1462 2465 1721 2528 illorum
1788 2467 2029 2531 auxilio
2081 2466 2617 2547 Hamburgenses
2686 2483 2869 2546 opes

577 2555 770 2638 plane
815 2549 1282 2630 multiplicatae
1339 2556 1508 2613 sunt.
1596 2549 1849 2624 Eodem
1903 2551 2043 2614 fere
2098 2557 2395 2633 tempore
2448 2555 2871 2612 mercatores

575 2635 876 2718 Belgici,'
901 2634 1009 2716 qui
1054 2653 1183 2696 non
1229 2635 1434 2698 minus
1492 2642 1767 2717 propter
1808 2635 2194 2716 religionem
2252 2656 2287 2698 e
2338 2635 2556 2717 patria
2612 2633 2877 2713 dejecti

579 2728 782 2800 erant,
807 2719 1226 2800 Antwerpiae
1250 2721 1659 2802 potissimum
1690 2721 2093 2784 commerciis
2122 2721 2189 2782 in
2217 2720 2409 2782 finem
2440 2717 2643 2781 saecli
2672 2713 2876 2779 XVI.

579 2805 1029 2872 obsidionibus
1075 2806 1515 2887 compluribus
1564 2805 1943 2884 devastatiS‚
1976 2804 2423 2884 Hamburgum
2462 2803 2881 2882 emigrarunt

579 2911 790 2973 neque
835 2889 1042 2951 minus
1088 2890 1383 2970 pecuniis
1441 2895 1508 2952 et
1554 2889 1789 2970 opibus
1848 2909 2037 2968 quam
2088 2894 2493 2951 mercaturae
2552 2905 2879 2948 commer-

583 2978 954 3054 ciorumque
998 2973 1236 3054 peritia
1265 2973 1875 3052 Hamburgensibus
1905 2972 2223 3053 perutiles
2264 2972 2423 3034 facti
2454 2975 2621 3034 sunt.
2667 2972 2881 3032 Anno
2928 3023 2930 3042 2

580 3081 738 3124 vero
811 3058 973 3120 1605
1039 3058 1152 3120 isti
1194 3057 1451 3138 Belgici
1519 3056 1776 3137 fugitivi
1841 3057 1909 3118 in
1976 3057 2208 3120 civium
2267 3056 2376 3138 qui
2430 3055 2669 3118 dieitur
2722 3075 2883 3117 con·
2928 3099 2930 3122 ι

583 3149 861 3208 tractum
923 3141 1194 3222 primum
1239 3140 1497 3221 recepti
1543 3146 1708 3203 sunt.
1796 3139 2027 3222 Neque
2072 3142 2323 3204 minora
2384 3138 2734 3203 commoda
2796 3159 2883 3202 ex
2928 3175 2930 3180 -

585 3229 858 3292 Judaeis
905 3225 1196 3306 fugitivis
1226 3224 1634 3306 Portugallis
1680 3226 1825 3289 urbi
1876 3225 2359 3307 Hamburgensi
2391 3223 2883 3302 confluxerunt,

586 3313 696 3396 qui
738 3313 868 3374 ista
910 3303 1056 3389 ipsa
1101 3316 1320 3373 aetate
1365 3308 1707 3372 Lusitania
1752 3309 2215 3392 (Portugallia)
2270 3314 2545 3392 propter
2599 3307 2885 3390 religio·

585 3418 732 3462 nem
774 3394 1007 3458 relicta
1049 3393 1412 3476 Hamburgi
1457 3411 1693 3456 novum
1739 3393 2132 3457 domicilium
2179 3395 2635 3472 condiderunt,
2708 3412 2885 3456 sane

799 3663 866 3731 ¹¹)
938 3666 1060 3716 Jam
1087 3678 1224 3712 anno
1271 3664 1404 3716 1470
1441 3664 1507 3712 ab
1533 3663 1799 3713 Friderico
1836 3663 1932 3714 111.
1959 3665 2273 3726 imperatore
2301 3662 2665 3726 Hamburgum
2689 3664 2768 3711 ad
2800 3679 2889 3712 co-

588 3739 737 3786 mitia
771 3737 972 3800 imperii
1012 3741 1369 3795 convocatum,
1407 3735 1471 3782 ab
1511 3735 1872 3784 Maximiliano
1911 3735 1938 3782 I
1994 3735 2313 3794 imperatore
2360 3734 2487 3784 1511
2521 3747 2616 3794 pro
2654 3734 2887 3783 civitate

585 3809 790 3872 imperii
826 3808 1126 3857 immediata
1181 3813 1232 3854 et
1286 3807 1452 3854 libera
1490 3806 1811 3854 declaratum
1850 3812 1943 3856 cst.
2019 3804 2154 3856 Item
2192 3801 2552 3865 Hamburgum
2598 3803 2655 3850 in
2694 3807 2889 3853 matri-

589 3880 708 3929 cula
745 3877 1094 3928 Wormatensi
1128 3877 1249 3924 anni
1296 3878 1422 3930 1521
1467 3877 1790 3924 nominatum
1832 3884 1925 3937 est,
1976 3876 2050 3922 ita
2100 3881 2160 3922 ut
2196 3875 2266 3926 20
2303 3873 2502 3932 equites
2551 3879 2603 3921 et
2649 3874 2758 3926 120
2802 3891 2891 3938 pe-

591 3953 788 4000 destres
825 3950 1014 3999 milites
1061 3949 1282 4010 imperio
1320 3948 1586 3994 tribueret.
1662 3949 1909 3996 Attamen
1946 3953 2131 3994 contra
2166 3945 2609 4006 Hamburgensem
2666 3944 2893 4008 imperii

589 4022 994 4071 immedietatem
1044 4025 1096 4068 et
1131 4018 1418 4067 libertatem
1459 4017 1701 4065 Holsatia
1742 4026 1793 4066 et
1816 4017 1989 4066 Dania
2022 4029 2183 4077 usque
2217 4017 2283 4064 ad
2308 4015 2605 4063 recentiora
2629 4019 2893 4077 tempora

591 4095 736 4141 nisae
773 4098 908 4152 sunt,
945 4098 995 4141 et
1021 4081 1332 4153 quamquam
1361 4087 1612 4152 judicium
1642 4088 1842 4151 imperii
1881 4088 2137 4137 camerale
2163 4101 2257 4150 pro
2284 4087 2383 4133 ista
2408 4084 2646 4134 libertate
2668 4093 2895 4135 senten*

590 4164 718 4212 tiam
766 4163 956 4211 tulerat
1001 4174 1140 4211 anno
1197 4159 1350 4221 1618,
1398 4159 1516 4207 rixa
1560 4158 1663 4206 ista
1709 4173 1847 4208 anno
1907 4160 2111 4207 demum
2160 4157 2291 4209 1768
2342 4156 2425 4204 die
2464 4155 2550 4207 27.
2586 4155 2721 4218 Maii
2768 4167 2897 4219 poet

589 4233 992 4282 innumerabiles
1029 4231 1273 4294 ambages
1329 4239 1381 4280 et
1445 4230 1850 4279 detrectationes
1903 4241 2116 4294 prorsus
2154 4227 2441 4291 composita
2476 4225 2897 4290 Hamburgique

591 4303 794 4366 imperii
854 4303 1175 4352 immedietas
1211 4316 1316 4349 non
1347 4303 1458 4365 jam
1496 4301 1548 4348 in
1588 4299 1744 4349 dnbio
1784 4307 1911 4353 erat.
1986 4301 2053 4351 cf.
2093 4300 2143 4350 J.
2170 4299 2224 4348 J.
2261 4299 2456 4356 Moser,
2492 4295 2582 4345 Tr.
2624 4311 2735 4345 von
2782 4299 2899 4348 den

593 4373 874 4424 deutschen
909 4369 1292 4422 Reichstiinden
1330 4373 1417 4425 lib.
1455 4371 1523 4420 Π.
1564 4385 1674 4433 cap.
1702 4373 1752 4424 5.
1791 4371 1837 4434 ξ.
1864 4372 1949 4424 35.
2025 4366 2460 4426 Βοὴοίᾱειιιαηῑεί,
2498 4366 2899 4430 Repertorium

597 4446 688 4494 des
725 4442 1004 4493 deutschen
1041 4441 1246 4492 Staats-
1281 4443 1385 4492 und
1421 4440 1759 4491 Lehnrechta.
1800 4449 1925 4490 tom.
1963 4441 2031 4489 ΙΙ.
2070 4456 2118 4503 p.
2157 4441 2283 4496 382.
2320 4451 2394 4500 sq·
