2950 4992
981 395 1401 459 „15-

67 545 508 613 Jureconsulti
595 546 810 629 pressi
897 547 1168 630 fuerint,
1261 548 1561 631 exemplo
1633 549 1859 632 inclyti
1944 549 2175 616 Baldi
2250 551 2331 616 de

71 634 357 714 Ubaldis,
428 633 537 714 qui
604 639 896 696 mortuus
964 639 1067 697 est
1132 652 1301 696 anno
1354 635 1536 714 1400,
1607 634 2042 699 demonstrari
2086 643 2329 720 potest,

73 720 183 800 qui
225 718 722 783 deductionibus
769 718 851 781 de
899 718 1296 782 cambiorum
1339 724 1573 808 natura
1599 719 1667 780 in
1700 720 1989 783 consiliis
2022 723 2156 785 suis
2186 741 2333 802 pro·

70 804 220 868 latis
263 823 416 868 sane
461 802 913 883 manifestarit,
961 823 1034 866 se
1078 823 1300 866 veram
1358 803 1755 866 cambiorum
1814 806 2147 869 notionem
2206 825 2335 868 om-

73 890 223 954 nino
263 883 684 970 ignorareu)
772 886 1003 968 Neque
1046 887 1320 951 meliora
1365 893 1519 951 sunt
1560 905 1727 968 quae
1770 890 2083 972 AngeluS,
2132 891 2339 954 frater

70 972 259 1036 Baldi
321 971 390 1056 (†
451 966 673 1054 1407),
751 990 916 1051 quae
978 971 1489 1036 Rolandinus
1555 972 1936 1056 Passagerii
2004 974 2073 1058 (†
2121 973 2335 1056 1300),

73 1077 237 1139 quae
300 1058 638 1122 Johannes
686 1053 1071 1120 Oalderinus
1139 1055 1358 1140 (pater
1402 1055 1445 1138 †
1494 1056 1705 1139 1365),
1754 1077 1919 1138 quae
1961 1060 2337 1124 Ludovicus

67 1143 458 1206 Romanus
503 1163 620 1206 seu
661 1141 998 1204 Pontanus
1045 1139 1114 1224 (†
1162 1139 1354 1224 1489)
1402 1147 1470 1204 et
1523 1141 1823 1206 Paulus
1882 1144 1962 1208 (16
2010 1145 2334 1225 castre,

69 1229 184 1308 qui
225 1227 420 1309 vulgo
467 1225 842 1290 Castrensis
887 1226 1340 1289 denominatus
1397 1246 1568 1290 anno
1631 1228 1789 1289 1441
1850 1229 2030 1309 obiit,
2052 1227 2137 1312 ²⁴)
2214 1231 2339 1294 sin-

67 1313 243 1395 gulis
288 1313 368 1375 de
416 1311 684 1374 cambiis
727 1311 796 1373 in
841 1310 1130 1374 consiliis
1175 1311 1661 1392 proposuerint.
2274 1375 2284 1382 ,

283 1395 462 1472 Quae
505 1415 664 1460 vero
712 1395 794 1458 de
840 1396 1108 1458 cambiis
1163 1415 1285 1477 per
1337 1395 1467 1458 ista
1524 1395 1747 1459 saecla
1806 1397 1891 1460 ab
1940 1397 2337 1479 Oanonistffi,

67 1482 432 1546 Summistis
509 1485 577 1544 et
647 1478 978 1562 theologis
1053 1481 1303 1562 scripta
1376 1485 1545 1560 sunt,
1592 1480 1793 1544 multo
1839 1483 2046 1545 minus
2099 1482 2339 1547 valent.

67 1567 371 1632 Sufficiet
431 1566 536 1628 Az
553 1564 704 1628 orii
782 1564 1153 1646 catalogum
1229 1565 1630 1628 describere.
1773 1565 1924 1628 Joh.
1992 1568 2338 1631 Azorius

63 1654 242 1717 enim
282 1652 348 1713 in
391 1648 867 1713 institutionum
911 1649 1247 1712 moralium
1305 1668 1508 1730 opere
1552 1653 1707 1712 tom.
1754 1650 1871 1712 111.
1926 1670 1990 1732 p.
2018 1653 2160 1715 685.
2210 1651 2341 1735 (ed.

59 1737 278 1819 Lugd.
327 1733 541 1818 1622.)
584 1733 876 1797 breviter
919 1739 988 1796 et
1031 1739 1102 1795 ut
1145 1733 1450 1815 catalogo
1496 1739 1727 1797 nostro
1775 1742 2150 1818 camparato
2196 1757 2345 1800 con·

71 1823 278 1886 cedes
323 1821 739 1902 negligenter
771 1836 888 1881 eos
934 1822 1270 1881 enumerat
1299 1819 1408 1897 qui
1449 1837 1657 1898 usque
1702 1819 1787 1882 ad
1828 1819 2034 1902 ipsius
2064 1826 2348 1885 aetatem

69 1910 160 1970 de
209 1905 474 1969 cambiis
521 1901 927 1985 scripserint.
1014 1901 1312 1965 Mortuus
1342 1922 1503 1966 vero
1538 1908 1641 1967 est
1667 1905 1947 1968 Azorius
1977 1925 2149 1969 anno
2184 1907 2348 1970 1603

62 1992 341 2055 Romae.
430 1989 571 2069 „De
617 1986 904 2067 cambiis,
950 1987 1178 2067 inquit,
1226 2007 1436 2069 pauca
1493 1988 1811 2067 quaedam
1862 1991 2194 2054 tradidere
2240 1995 2347 2054 cs-

63 2077 310 2140 nonne!
343 2073 514 2155 juris
559 2074 958 2155 interpretes
1005 2072 1072 2135 in
1115 2073 1332 2154 capite
1387 2072 1503 2135 ult.
1553 2072 1634 2135 de
1679 2074 1911 2154 usuris,
1960 2080 2028 2137 et
2071 2074 2349 2138 civilis

49 2160 278 2244 juris
323 2160 668 2234 Gens-iti,
715 2161 790 2220 ut
829 2155 1128 2220 Paulus
1176 2156 1296 2239 (sc.
1331 2157 1412 2220 de
1441 2154 1728 2239 Castro),
1784 2159 2173 2241 Angelus,
2225 2159 2347 2224 Sa-

61 2247 372 2309 licetus
417 2241 488 2326 (†
537 2239 728 2322 1412)
795 2241 864 2303 in
909 2240 1175 2320 Codice,
1243 2241 1438 2304 titulo
1486 2241 1569 2305 de
1613 2242 1859 2324 usuris3
1926 2247 2349 2307 Summlstsc

61 2331 140 2394 in
183 2329 364 2392 verb.
395 2347 594 2392 usura
621 2327 730 2390 vel
761 2325 1112 2390 cambium:
1157 2325 1519 2408 Angelus
1566 2325 1764 2409 (idem
1789 2333 1861 2390 ut
1884 2325 2109 2410 supra)
2154 2347 2352 2390 usura

63 2417 122 2478 I.
170 2435 234 2476 n.
281 2413 382 2476 51.
470 2411 816 2476 Rosella
881 2410 1116 2474 eodem
1176 2411 1403 2474 verb0.
1451 2413 1509 2474 6.
1602 2410 2029 2494 Sylvester
2094 2413 2240 2475 eod.
2286 2413 2347 2474 4.

64 2499 508 2562 Tabiensis
568 2516 784 2561 usura.
853 2496 912 2558 5.
1001 2493 1278 2558 Armilla
1341 2497 1524 2559 verb.
1602 2516 1921 2579 campsor.
2012 2499 2351 2578 'theologi

63 2586 142 2648 in
190 2585 252 2646 4.
302 2583 590 2648 distinct.
642 2581 740 2644 15.
813 2578 1150 2642 Gabriel
1195 2600 1299 2661 qu.
1329 2581 1427 2643 10.
1475 2585 1598 2644 art.
1626 2582 1684 2644 5.
1734 2583 1884 2644 dub.
1922 2583 2019 2645 12.
2088 2579 2353 2664 Major

63 2689 179 2748 qu.
230 2670 312 2730 36
355 2674 424 2732 et
466 2660 567 2731 37.
659 2664 1004 2729 Sanctus
1048 2662 1609 2727 Bernardinus
1665 2685 1821 2746 pars
1866 2665 1951 2728 H.
2010 2684 2200 2728 serm.
2248 2666 2351 2727 39.

63 2760 196 2817 art.
247 2773 298 2816 s.
344 2773 399 2817 6.
450 2755 506 2814 l.
553 2753 612 2814 2.
660 2747 713 2833 Ξ.
759 2751 818 2812 3.
909 2747 1253 2813 Sanctus
1313 2749 1773 2813 Antoninus
1839 2769 1979 2831 par.
2028 2751 2087 2812 2.
2142 2749 2245 2812 tit.
2296 2750 2352 2811 1.

67 2859 130 2901 6.
181 2832 240 2902 7.
290 2835 343 2922 ἒ.
379 2829 462 2900 47
503 2842 574 2898 et
615 2851 755 2914 squ.
848 2832 1283 2897 Conradus
1327 2833 1412 2896 de
1457 2835 1907 2897 contractibus
1954 2851 2015 2914 q.
2054 2835 2134 2896 98
2161 2835 2352 2897 6199.-
2475 2860 2487 2872 >²

69 2923 524 3004 Gajetanus
568 2919 637 2982 in
681 2917 1016 3002 opusculis
1070 2923 1226 2980 tom.
1285 2919 1343 2980 2.
1399 2923 1593 2982 tract.
1642 2911 1699 2982 7.
1769 2918 2033 2984 ,Sotus
2099 2918 2213 2982 lib.
2262 2919 2354 2981 (16

51 3007 412 3088 justitia
455 3006 514 3067 6.
561 3025 600 3067 a
644 3003 1031 3083 quaestione
1077 3008 1316 3066 octava
1357 3020 1565 3083 usque
1598 3003 1683 3066 ad
1717 3003 1814 3066 13.
1904 3003 2227 3067 Medina
2270 3003 2354 3066 de

64 3093 277 3154 rebus
345 3088 468 3173 per
540 3107 802 3152 usuram
871 3086 1214 3167 acquisitis
1283 3104 1391 3167 qu.
1435 3089 1472 3151 5
1522 3094 1590 3154 et
1632 3107 1730 3168 sq.
1816 3087 2225 3152 Navarrus
2288 3087 2358 3150 in

63 3175 368 3238 Manuali
438 3194 492 3238 c.
547 3166 624 3237 17
696 3192 866 3236 1111111.
914 3173 1060 3235 284.
1148 3174 1461 3236 Auctor
1520 3173 1887 3238 Coronae
1926 3173 2358 3246 Confessu-

61 3281 240 3322 rum
283 3280 423 3342 par.
472 3261 531 3321 2.
604 3276 746 3339 cap.
794 3259 850 3320 8.
909 3257 1010 3319 tit.
1059 3256 1142 3320 de
1191 3256 1498 3322 CambiiS.
1586 3258 1925 3322 Johannes
1968 3259 2135 3341 Bap
2156 3259 2361 3320 tista

60 3345 348 3426 Lupus
413 3344 483 3405 in
543 3345 735 3405 tract.
807 3341 890 3404 de
955 3341 1168 3404 usuris
1238 3347 1580 3405 comment.
1639 3344 1697 3405 3.
1762 3339 1815 3426 Ξ.
1864 3341 1921 3405 2.
2012 3342 2357 3405 Thomas

59 3427 668 3509 Boninsignius
713 3425 782 3488 in
809 3429 1002 3488 tract.
1038 3425 1120 3488 de
1153 3426 1442 3488 cambiiS.
1529 3426 2024 3498 Franciscus
2072 3426 2361 3490 Garsia

62 3515 157 3576 de
210 3517 534 3576 contract.
581 3508 634 3593 Ξ.
678 3511 736 3573 2.
785 3529 840 3572 6.
887 3511 945 3573 6.
995 3515 1064 3573 et
1107 3527 1249 3590 squ.
1311 3509 1663 3574 Thomas
1706 3511 2118 3575 Mercatus
2162 3516 2357 3574 tract.

63 3600 158 3660 de
241 3602 563 3660 conti-act.
639 3615 694 3656 c.
771 3594 854 3658 de
929 3595 1218 3658 cambiis
1338 3594 1664 3668 Cosmus
1717 3594 2231 3660 Philiarchus
2280 3596 2363 3659 de

295 3813 368 3884 23)
442 3817 682 3884 Longum
731 3827 828 3881 est,
872 3819 1010 3870 hanc
1058 3819 1210 3869 Baldi
1259 3820 1521 3870 inscitiam
1568 3819 1669 3870 hoc
1704 3819 1821 3870 loco
1860 3820 2153 3870 enucleare.
2227 3820 2366 3870 Vide

60 3903 215 3950 quae
255 3888 508 3938 Biencrus
549 3897 601 3940 et
635 3893 844 3945 Holtius
878 3893 914 3945 l.
944 3907 988 3945 6.
1027 3890 1342 3954 scripserint.
1416 3891 1485 3940 cf.
1526 3892 1683 3940 etiam
1700 3889 1909 3954 Bienor,
1947 3891 2365 3954 Abhandlungen

62 3975 168 4008 aus
210 3960 334 4008 dem
374 3959 592 4011 Gebiete
628 3964 722 4012 der
755 3960 1262 4026 Rechtsgeschichte,
1339 3961 1499 4015 1846.
1532 3962 1577 4016 1.
1616 3963 1703 4016 94.

295 4025 371 4090 ²⁴)
407 4077 410 4082 .
448 4035 554 4081 Aut
588 4033 726 4082 filius
761 4035 872 4099 ejus
895 4033 1095 4096 Caspai·
1119 4031 1425 4082 calderinus
1460 4033 1519 4097 (ἦ-
1555 4031 1729 4097 1399).
1801 4033 1937 4083 Nam
1975 4045 2060 4082 res
2081 4033 2237 4096 plane
2260 4045 2368 4084 11011

62 4107 309 4156 constat,
383 4101 672 4154 Consilium
721 4105 786 4154 (16
836 4099 938 4168 quo
989 4103 1256 4165 quaeritur
1293 4102 1559 4154 Calderini
1594 4103 1856 4154 invenitur
1892 4103 2031 4167 apud
2048 4102 2385 4167 Rsphselem.

59 4174 136 4222 de
178 4172 348 4222 Tus-ri
385 4175 422 4228 1.
461 4190 505 4229 6.
545 4175 674 4240 disp.
712 4177 784 4231 11.
822 4190 908 4240 qu.
932 4177 1000 4228 24
1039 4174 1132 4223 sub
1155 4173 1469 4238 allegatione
1506 4188 1687 4236 ‚,cons.
1728 4176 1812 4228 11.
1866 4173 1931 4224 de
1968 4175 2173 4224 usuris“
2212 4181 2369 4238 atque

61 4249 286 4293 certum
324 4252 420 4307 est,
458 4246 792 4296 Calda-inum
829 4253 1083 4311 patrem
1123 4246 1524 4294 commentarios
1561 4245 1627 4296 de
1663 4245 1834 4294 usuris
1872 4246 2159 4310 scripsisse.
2232 4247 2369 4296 Vide

55 4317 369 4368 Bienerm
405 4317 440 4370 l.
479 4332 523 4372 6.
565 4318 612 4372 b.
651 4317 739 4372 80.
813 4320 880 4368 de
917 4316 1164 4384 Savlgny,
1201 4314 1515 4367 Gesehichte
1562 4317 1655 4366 des
1690 4315 1845 4370 Rom.
1882 4315 2095 4380 Rechts,
2132 4317 2257 4371 edit.
2295 4316 2368 4365 11.

59 4401 208 4442 tom.
251 4389 350 4442 vl.
386 4405 436 4454 p.
481 4388 583 4442 109
623 4395 676 4438 et
713 4387 838 4443 289.
912 4388 991 4442 ct·
1016 4385 1224 4462 Bienor,
1261 4385 1691 4441 Wechselrechtl.
1731 4387 2153 4452 Abhandlungen
2191 4403 2242 4452 p.
2282 4387 2370 4442 81.
